4784 5720
1192 199 1240 275 12

314 405 491 491 praecipue
513 404 640 470 initium
662 402 784 470 factum
806 404 857 470 sit.
903 403 967 469 Sed
989 403 1140 470 adhibuit
1162 424 1262 472 uuum
1283 403 1519 482 testimonium,
1551 405 1660 472 omisit
1690 409 1829 478 alterum
1858 410 1955 497 idque
1983 413 2125 480 omnium

316 518 550 602 gravissimum.
595 515 680 597 Quid
702 515 828 582 consilii
850 522 981 582 secutus
1003 537 1064 582 nec
1078 514 1237 582 brevioris
1258 514 1330 582 loco
1352 516 1402 596 id,
1434 515 1521 601 quod
1543 525 1593 584 est
1611 520 1734 604 potius,
1756 541 1816 588 nec
1837 523 1933 590 simul
1951 531 2125 608 utrumque

316 629 434 696 afferre
456 628 596 694 maluit?

470 740 543 807 Non
564 738 748 825 iudignum,
770 738 858 824 quod
887 740 930 806 sit
951 741 1093 827 primum
1116 739 1274 818 omnium,
1310 741 1395 806 sicut
1417 747 1482 820 est,
1510 741 1591 808 illud
1611 742 1716 812 bonae
1739 744 1842 831 frugis
1864 745 2060 830 colloquium
2084 746 2125 812 de

314 845 425 920 amore
446 871 622 938 puerorum
645 851 795 936 equidem
825 857 905 937 puto
932 871 1003 918 esse
1034 850 1162 917 duabus
1191 851 1232 917 de
1264 851 1379 918 cauma
1424 852 1567 920 Primum
1601 857 1686 923 enim
1707 857 1787 922 vitio
1808 855 1904 923 foedo
1928 863 1961 923 et
1982 858 2124 936 immani,

315 986 336 1031 a
357 985 422 1049 quo
444 963 596 1030 Socrates
618 961 821 1030 Critobulum
837 962 1043 1049 prohibebat,
1059 963 1304 1030 Atheniensium
1325 967 1445 1031 multos
1460 965 1556 1032 nimis
1578 987 1614 1034 se
1629 967 1792 1034 dedidisse
1805 975 1943 1050 constat,
1966 975 2003 1034 ut
2026 990 2125 1036 curae

315 1076 442 1142 Socrati
455 1096 527 1142 essa
542 1075 701 1156 debuerit,
724 1075 973 1156 adulescentem,
996 1074 1137 1142 Critonis
1152 1075 1340 1142 amicissimi
1361 1073 1472 1156 filium,
1493 1078 1588 1144 modo
1611 1101 1651 1146 ne
1663 1079 1790 1147 tardior
1806 1086 1893 1148 esset
1908 1079 1952 1148 ad
1970 1081 2124 1150 virtutem

314 1187 573 1273 amplectendam
595 1227 639 1238 -
659 1209 734 1254 nam
765 1185 845 1268 τοὺς
874 1185 921 1275 μὴ
947 1183 1047 1268 ὄντας
1075 1183 1228 1274 ιἰγαδούς
1256 1186 1309 1253 vel
1336 1185 1416 1270 τοὺς
1444 1185 1667 1272 ἀπαιδεύτους
1696 1192 1908 1262 παντάπασιν
1936 1189 2066 1282 ἀρετῆς,
2088 1201 2126 1262 ut

312 1300 442 1366 ridetur
463 1299 517 1387 (cf.
539 1299 718 1386 cyrilli
740 1321 810 1384 cap.
835 1305 853 1366 3
876 1301 894 1386 β
917 1305 959 1367 50
979 1306 1013 1365 et
1035 1306 1085 1378 55,
1116 1297 1228 1366 Krohn
1256 1322 1288 1386 p.
1311 1300 1354 1384 9),
1376 1318 1441 1365 non
1463 1301 1601 1368 curabat
1622 1337 1674 1378 -,
1704 1323 1726 1368 a
1747 1303 1937 1389 cupiditatis
1958 1304 2122 1372 illecebris

314 1432 478 1478 revocare.
523 1412 604 1478 Tum
627 1432 808 1478 samonem
830 1412 907 1497 περὶ
928 1413 1121 1499 οἰκονομίας
1143 1410 1324 1496 Xenophon
1346 1413 1394 1478 ait
1415 1433 1450 1478 se
1472 1433 1538 1479 uns
1557 1435 1630 1480 cum
1652 1414 1726 1480 aliis
1740 1414 1936 1500 quibusdam
1952 1417 2124 1496 audivisse,

312 1525 346 1590 in
369 1523 432 1590 boc
453 1529 563 1591 autem
584 1545 649 1590 uno
671 1523 735 1609 ipsi
757 1523 918 1608 quaedam
940 1522 1095 1609 colloquii
1115 1529 1227 1609 partes
1247 1523 1473 1610 suscipiendae
1493 1525 1633 1592 fuerunt.
1678 1527 1823 1608 Accedit,
1845 1527 1933 1612 quod
1956 1528 2124 1598 Socratem

313 1635 563 1703 deuotionibus
593 1657 702 1702 rerum
732 1641 820 1702 recte
851 1634 1090 1702 conformandis
1113 1657 1184 1716 eos,
1216 1636 1272 1721 qui
1301 1657 1374 1702 cum
1406 1657 1444 1702 eo
1468 1644 1591 1716 essent,
1621 1637 1771 1706 docuisse
1803 1639 1961 1720 Platonis,
1986 1641 2122 1708 eundem

314 1754 421 1814 certas
443 1748 602 1833 quasdam
634 1747 752 1833 agendi
784 1754 842 1816 aut
869 1747 998 1814 vivendi
1019 1749 1164 1814 rationes
1192 1748 1340 1833 inprimis
1369 1747 1633 1816 adulescentibus
1661 1751 1869 1836 praecepisse
1899 1752 2123 1838 Xenophontis

313 1859 377 1927 fuit
404 1859 636 1928 demonstrare.
689 1859 921 1944 Dignissimum
950 1880 1027 1926 vero
1058 1861 1199 1927 omnium
1230 1864 1264 1926 et
1293 1859 1435 1927 maxime
1465 1861 1634 1943 idoneum,
1672 1861 1759 1947 quod
1789 1869 1822 1928 et
1850 1863 1894 1928 ed
1920 1862 2002 1930 illud
2031 1866 2124 1932 testi·

313 1973 456 2039 monium
486 1980 520 2039 et
549 1972 592 2039 ad
618 1973 724 2057 ipsam
748 1971 951 2057 Σωκράτους
978 1968 1165 2059 ἀπολογίαν
1195 1971 1410 2057 adiungatur,
1444 1973 1594 2040 existimo
1625 1995 1696 2040 esse
1724 1973 1870 2041 Socratis
1900 1975 2123 2061 Critobulique

313 2087 390 2171 περὶ
418 2087 612 2172 οἰκονομίας
634 2083 840 2169 colloquium.
885 2083 989 2150 Multa
1012 2083 1106 2150 multi
1127 2082 1264 2150 laudent
1284 2085 1319 2150 in
1341 2084 1566 2169 Xenophonte,
1588 2085 1651 2152 hoc
1675 2086 1861 2170 quicunque
1882 2087 2032 2171 legerunt
2053 2089 2123 2154 lau·

315 2195 411 2263 dibus
434 2195 580 2263 efferunt.

468 2307 581 2393 Neque
606 2329 646 2375 ea
667 2308 772 2374 solum
793 2307 895 2374 verba
908 2308 1062 2388 abscissa,
1085 2308 1126 2374 de
1148 2307 1267 2392 quibus
1283 2329 1384 2395 supra
1400 2307 1476 2388 dixi,
1501 2305 1654 2378 Ἤκουσα
1675 2310 1711 2378 δέ
1734 2335 1814 2378 ποτε
1837 2307 1946 2380 αὐτοῦ
1968 2312 2024 2380 καὶ
2046 2314 2122 2398 περί

314 2423 507 2509 οἰκονομίας
535 2420 647 2491 τοιάδε
678 2421 934 2508 διαλεγομένου,
967 2421 1225 2486 coniunctionem
1255 2419 1398 2504 aliquam
1427 2421 1590 2500 indicant,
1620 2420 1678 2486 sed
1711 2423 1809 2488 etiam
1838 2421 1921 2488 haec
1951 2444 2036 2508 quae
2064 2423 2123 2490 illa

314 2539 495 2618 sequuntur
516 2534 599 2602 Εἰπέ
626 2560 699 2621 μοι,
728 2533 813 2620 ἔφη,
839 2521 863 2602 α’
887 2531 1093 2620 Κριτόβουλε
1122 2531 1195 2618 ipso
1216 2531 1292 2598 libri
1313 2533 1406 2598 initio
1428 2533 1552 2599 habent
1580 2532 1704 2617 aliquid
1727 2533 1858 2600 insoliti.
1901 2534 2019 2620 ipsane
2048 2557 2123 2623 per·

314 2651 428 2732 specta
447 2644 581 2711 fuerunt
597 2643 782 2710 hominibus
801 2644 977 2712 Socraticis
999 2644 1065 2732 ἔφη
1088 2649 1122 2710 et
1143 2641 1261 2727 αὑτοῦ,
1283 2650 1320 2710 ut
1334 2644 1549 2730 Pythagoreis
1565 2643 1646 2710 illud
1664 2641 1766 2726 αὐτὸς
1788 2647 1879 2733 έφαί
1923 2646 2018 2714 Certe
2040 2668 2123 2732 quos

314 2755 484 2843 loquentes
512 2779 584 2822 cum
617 2755 753 2824 Socrate
782 2756 908 2822 inducit
936 2755 1135 2840 Xenophon,
1165 2755 1248 2822 solet
1279 2755 1319 2823 de
1340 2757 1386 2822 eis
1408 2757 1500 2822 initio
1524 2757 1686 2840 quaedam
1718 2777 1981 2824 commemorare.
2026 2758 2124 2826 Velut

314 2868 434 2935 Gomm.
456 2867 476 2934 l.
499 2869 516 2934 1
539 2889 609 2954 cap.
629 2875 649 2934 4
674 2872 692 2956 β
710 2873 728 2934 2
751 2869 832 2952 λέξω
856 2869 892 2938 δέ
915 2877 1053 2955 πρῶτον
1073 2867 1096 2936 δι’
1116 2893 1197 2937 ποτε
1220 2865 1329 2937 αὐτοῦ
1350 2865 1478 2956 ἥκουσα
1500 2869 1577 2955 περί
1599 2877 1663 2938 τοῦ
1684 2872 1863 2956 δαιμονίου
1884 2872 2123 2958 διαλεγομένου

314 2978 397 3067 πρὸς
423 2977 658 3069 Ἀριστόδημον
686 2979 760 3051 τὸν
788 2978 940 3068 μικρὸν
967 2979 1314 3068 ἐπικαλούμενον.
1343 2979 1552 3068 καταμαθὼν
1576 2980 1641 3068 γάρ
1671 2977 1778 3050 αὐτὸν
1799 2977 1878 3050 οὔτε
1899 2979 2031 3050 δύοντο
2052 2993 2124 3064 τοίς

314 3101 408 3174 δεοῑς
423 3089 501 3162 οὔτε
516 3102 658 3183 μαντικῇ
672 3091 855 3182 χρώμενον,
874 3090 957 3161 tute
972 3094 1028 3162 καί
1044 3101 1114 3162 τῶν
1122 3092 1315 3162 ποιούντων
1328 3100 1439 3162 ταῦτα
1449 3099 1694 3180 καταγελῶντα,
1708 3092 1791 3162 Εἰπέ
1814 3120 1881 3181 μοι,
1898 3093 1974 3181 ἔφη,
1999 3083 2023 3163 α’
2044 3091 2122 3180 Ἀρι-

314 3205 457 3294 στόδημε
479 3212 559 3286 κτλ,
582 3203 622 3270 cf.
645 3205 669 3284 Ι,
693 3209 722 3285 6,
747 3205 844 3287 1;11,
870 3209 898 3285 l,
924 3209 951 3270 1.
975 3211 1003 3284 2,
1028 3209 1055 3270 l.
1079 3210 1108 3283 δ,
1132 3213 1159 3270 1.
1183 3209 1212 3286 5,
1237 3210 1264 3269 1.
1289 3210 1317 3284 7,
1343 3209 1370 3268 1.
1393 3209 1422 3284 8,
1447 3208 1474 3269 l.
1498 3211 1528 3284 9,
1560 3211 1587 3272 1.
1612 3209 1661 3284 10,
1689 3209 1724 3287 1;
1750 3204 1807 3286 ΙΠ,
1831 3210 1857 3286 1,
1884 3210 1911 3271 1.
1936 3209 1965 3286 λ,
1990 3211 2017 3270 1.
2041 3211 2070 3286 3,
2096 3212 2121 3271 l.

314 3320 1306 3399 4‚1.5,1.o,1.7,1.8,1.1o,1.6.9.11,1.12,1;
1335 3316 1389 3396 IV,
1413 3321 1442 3396 2,
1466 3321 1493 3382 1.
1519 3321 1550 3394 4,
1573 3323 1602 3382 5.
1647 3316 1741 3398 Quod
1759 3323 1869 3384 autem
1887 3317 1921 3384 iu
1939 3323 2119 3384 ceterorum

314 3430 549 3515 colloquiorum
570 3429 660 3495 nullo
689 3429 758 3496 lere
781 3449 844 3494 non
875 3427 997 3495 iactum
1020 3428 1181 3506 videmus,
1210 3429 1245 3494 id
1266 3429 1300 3494 in
1320 3427 1423 3508 libro,
1453 3433 1491 3494 ut
1512 3429 1619 3509 aiunt,
1648 3429 1805 3514 singulari
1828 3435 1862 3496 et
1883 3428 2045 3516 perpolito
2068 3427 2121 3494 ille

312 3541 478 3629 putandus
501 3549 551 3608 est
571 3543 855 3627 praetermisisse?
900 3541 971 3621 Qui,
994 3561 1068 3607 cum
1091 3561 1111 3606 a
1133 3539 1320 3607 defensioue
1335 3540 1479 3606 Socratis
1501 3539 1544 3606 ad
1567 3562 1732 3608 sermones
1754 3540 1936 3608 narrandos
1958 3543 2122 3618 transiret,

314 3655 509 3739 scripturus,
543 3653 621 3738 quid
643 3655 825 3739 praesentis
847 3651 1006 3720 Critobuli
1030 3653 1138 3738 gratia
1157 3673 1267 3718 secum
1287 3651 1343 3718 ille
1371 3651 1499 3718 locutus
1527 3658 1628 3733 esset,
1658 3653 1752 3718 initio
1779 3653 1863 3719 dixit
1883 3653 1965 3720 haec
1987 3652 2121 3738 (Comm.

312 3765 333 3830 1.
355 3766 371 3833 1
393 3786 463 3850 cap.
488 3768 544 3852 δῶ
567 3768 617 3850 S):
646 3762 866 3853 Ἀφροδισίων
897 3767 933 3836 δέ
964 3763 1107 3856 παρῄνει
1134 3773 1205 3834 τῶν
1232 3772 1347 3833 καλῶν
1368 3766 1512 3850 ἰσχυρῶς
1532 3761 1733 3852 άπέχτσδαι·
1765 3761 1894 3852 οὐγὰρ
1916 3763 2123 3857 έφηβάδιου

313 3874 400 3947 εἰναι
419 3887 490 3946 τῶν
511 3875 677 3947 τοιούτων
698 3873 890 3967 ἁπτόμενον
911 3887 1120 3964 σωφρονεῖν·
1151 3873 1233 3945 ἀλλὰ
1263 3877 1320 3946 καί
1343 3876 1638 3965 Κριτόβουλόν
1666 3901 1765 3958 ποτε,
1792 3875 1866 3946 τὸν
1888 3881 2122 3963 Κρίτωνος,

313 3988 506 4077 πυθόμενος
522 3988 574 4058 ὅτι
594 3991 731 4078 ἐφίλησε
753 3986 815 4059 τὸν
833 3985 1039 4078 Ἀλκιβιάδου
1060 3989 1138 4059 νλδν
1158 3987 1262 4058 καλὸν
1275 3984 1367 4072 ὄντα,
1389 3987 1557 4076 παρόντος
1571 3998 1634 4059 τοῦ
1649 3987 1883 4077 Κριτοβούλου
1903 3986 2002 4076 ἤρετο
2022 3993 2122 4066 Ξενο-

314 4111 433 4189 φῶντα
453 4110 522 4171 κτλ.
786 4099 793 4112 ’

467 4214 532 4281 Sed
555 4215 708 4299 quoniam
730 4234 794 4280 non
816 4234 865 4294 aa,
886 4235 971 4298 quae
992 4233 1052 4332 egp
1074 4219 1154 4298 puto
1178 4214 1287 4299 aptius
1304 4213 1435 4299 adiungi
1456 4215 1624 4298 artiusque
1646 4213 1823 4298 aliquando
1840 4211 1996 4280 adiuncta
2012 4213 2121 4290 iuuisse,

313 4326 371 4393 sed
381 4325 448 4394 alia
462 4325 623 4412 quaedam
634 4347 708 4393 cum
723 4325 786 4392 hac
797 4324 957 4392 Critobuli
970 4326 1275 4392 commemoratione
1286 4325 1423 4411 ipsoque
1436 4325 1581 4392 Socratis
1593 4347 1666 4392 cum
1679 4325 1894 4412 Xenophonte
1909 4331 1943 4390 et
1953 4323 2121 4392 Critobulo

313 4438 474 4522 colloquio
486 4438 635 4506 breviore
647 4444 681 4505 et
697 4459 770 4504 cum
782 4436 933 4522 apologia
943 4438 1123 4522 antiquitus
1133 4439 1319 4520 cohaerent,
1339 4438 1450 4522 qualia
1462 4457 1502 4504 ea
1513 4439 1587 4520 sint,
1606 4437 1781 4504 videamus.
1812 4436 1999 4522 Sequuntur
2011 4445 2121 4504 autem

312 4551 395 4618 haec
414 4549 471 4636 (ib.
488 4552 505 4638 5
524 4553 593 4636 14);
614 4548 704 4620 οὕτω
727 4548 771 4636 δὴ
790 4549 846 4618 καί
862 4545 1114 4636 ἀφροδισιάζειν
1130 4549 1210 4632 τοὺς
1223 4548 1270 4638 μὴ
1283 4547 1442 4638 ἀσφαλῶς
1458 4550 1594 4636 ἔχοντας
1608 4547 1691 4635 πρὸς
1707 4544 1890 4636 άφροδίσια
1906 4544 1990 4640 ᾤετο
2002 4556 2123 4636 χρῆναι

312 4660 396 4750 ατρὸς
416 4671 565 4744 τοιαῦτα,
587 4658 642 4732 οέα
663 4660 710 4750 μὴ
731 4659 823 4731 πάνυ
842 4662 906 4749 μέν
927 4661 1091 4748 δεομένου
1113 4671 1176 4731 τοῦ
1195 4661 1346 4750 σάματος
1370 4659 1432 4730 οὐκ
1448 4659 1492 4730 ἂν
1506 4661 1724 4747 προσδέξαιτο
1744 4657 1879 4749 ἡγυχὴ,
1900 4663 2064 4748 δεομένου
2085 4659 2121 4728 δέ

313 4773 376 4844 οὐκ
391 4773 434 4844 ἂν
457 4773 634 4864 πράγματα
655 4774 793 4860 παρέχοι
812 4779 893 4856 κτλ,
916 4794 1009 4858 quae,
1032 4772 1192 4857 quidquid
1214 4772 1254 4840 de
1266 4775 1378 4861 inepta
1391 4770 1533 4858 quadam
1556 4779 1614 4840 aut
1635 4773 1775 4840 molesta
1793 4773 1939 4840 Socratis
1954 4771 2123 4858 diligentia

194 4895 199 4904 '
312 4886 471 4954 traditum
493 4891 544 4954 est
571 4887 613 4972 (v.
635 4884 755 4966 Zeller,
776 4884 833 4966 11⁸,
858 4889 885 4964 l,
909 4888 978 4970 67),
1007 4891 1103 4951 tanta
1126 4892 1282 4970 superant
1303 4885 1542 4966 obscoenitate,
1574 4892 1611 4952 ut
1632 4884 1697 4952 fide
1720 4885 1819 4970 digna
1840 4906 1904 4952 non
1925 4883 2121 4964 habeantur,

312 4998 431 5066 uadum
448 5005 527 5084 epta
541 4997 584 5064 ed
602 4998 772 5065 Socratem
788 4995 1027 5065 defendendum
1039 4996 1247 5082 Xenophonti
1265 4996 1368 5063 rideri
1386 4998 1562 5082 potuerint.
1599 4999 1776 5065 Praeterea
1790 4997 1949 5065 transitus
1965 4996 2121 5082 quodam·
