4760 5720
1170 250 1193 325 8

277 459 474 539 cognoverat
489 475 599 520 omnes
621 453 678 520 illo
693 453 899 520 familiariter
919 474 996 520 usos
1019 475 1090 520 esse
1113 453 1174 540 οὐχ
1195 457 1251 522 ἵνα
1275 456 1495 544 δημηγορικοὶ
1517 453 1539 543 ἢ
1560 457 1725 526 δικανικοὶ
1740 457 1909 543 γένοιντο,
1935 454 2002 526 ἀλλ’
2028 461 2086 527 ἵνα

276 569 372 634 καλοί
393 591 429 634 τε
452 563 598 652 κάγαθοὶ
619 565 794 653 γενόμενοι
815 567 869 634 aul
894 569 975 658 clap
1005 567 1062 634 aab
1092 566 1235 646 οἰκέταις
1263 569 1319 635 καὶ
1349 569 1485 646 oleatae
1514 569 1570 636 aul
1592 572 1704 655 φίλοις
1723 571 1779 637 aul
1801 569 1896 638 πόλει
1915 571 1972 638 ναὶ
1994 574 2084 638 reoli·

276 703 347 758 ταις
369 677 530 746 δύναιντο
550 684 659 758 καλῶς
679 685 840 764 χρῆσθαι,
870 698 1008 761 quorum
1037 674 1229 746 11611οοῦ16
1252 678 1414 765 νεώτερος
1437 675 1515 748 οὔτε
1537 680 1762 767 πρεσβύτερος
1786 678 1834 750 ee
1856 677 1923 749 οὔτ’
1949 682 2082 770 ἐποίησε

276 788 382 858 κακὸν
403 785 505 858 οὐδὲν
528 785 595 858 οὔτ’
621 792 733 858 αἰτίαν
755 789 849 876 ἔσχεν
877 789 1011 875 (Comm.
1032 790 1053 855 l.
1075 789 1091 855 1
1114 795 1218 874 capi
1241 792 1342 877 548).
1387 791 1430 856 Et
1452 791 1495 856 ad
1517 812 1682 858 sermones
1704 791 1835 877 quidem
1857 793 1944 859 inter
1966 793 2082 860 Socra-

276 907 342 966 tem
364 907 398 967 et
420 899 669 981 Phaedcndam,
692 901 875 982 Simmiam,
906 901 1059 968 Cebetem
1080 901 1210 969 habitos
1232 923 1297 968 uon
1322 903 1451 968 videtur
1478 905 1672 983 accessisse,
1693 905 1756 969 nisi
1778 903 1879 985 forte,
1902 925 1986 988 quae
2009 927 2084 973 cum

275 1013 326 1078 his
355 1012 412 1079 ille
443 1013 623 1080 collocutus
654 1019 720 1092 est,
751 1013 889 1079 oblitum
912 1034 985 1080 eum
1008 1034 1078 1080 esse
1108 1020 1270 1098 putamus.
1315 1015 1468 1081 Simmiae
1491 1015 1686 1101 (lebetisque
1709 1016 1809 1082 semel
1836 1016 1970 1102 (Comm.
1992 1018 2013 1082 1.
2035 1019 2083 1084 111

276 1147 346 1210 cap.
370 1132 407 1192 11
440 1128 536 1211 §IL
565 1125 622 1192 ubi
654 1146 694 1191 ex
721 1125 841 1192 Thebis
879 1145 934 1192 666
964 1125 1079 1191 adesse
1109 1127 1356 1210 comperimus),
1385 1127 1602 1194 Phaedondae
1631 1149 1792 1213 nusquam
1822 1136 1955 1213 praeter
1988 1129 2083 1210 huuc,

275 1258 373 1322 quem
395 1237 510 1317 attuli,
541 1237 651 1304 locum
674 1239 795 1304 mentio
818 1237 909 1304 facta
930 1244 988 1304 est
1032 1237 1254 1322 Hermogenes
1284 1238 1331 1323 (id
1354 1239 1439 1304 enim
1461 1260 1578 1305 nomeu
1601 1261 1621 1305 6
1644 1241 1880 1307 recentioribus
1903 1241 2083 1310 editoribus

275 1355 443 1435 receptum
466 1357 515 1416 est
535 1350 655 1418 comm.
677 1351 697 1415 l.
719 1350 764 1433 1),
787 1350 883 1416 homo
906 1349 993 1433 frugi
1013 1350 1149 1434 (Comm.
1171 1349 1192 1415 l.
1214 1351 1253 1416 11-
1268 1371 1338 1436 cap.
1364 1357 1405 1417 10
1425 1354 1442 1438 5
1463 1354 1513 1436 3),
1535 1353 1621 1418 inter
1644 1353 1794 1419 convivas
1817 1353 1961 1420 Socratis
1983 1354 2089 1420 111666

275 1466 309 1527 61
331 1461 452 1529 dixisse
476 1483 540 1528 non
562 1460 666 1528 multa
690 1468 845 1529 narratur
867 1462 976 1547 (Conv.
1000 1482 1071 1546 cap.
1094 1468 1114 1527 4
1137 1465 1154 1549 5
1177 1467 1228 1542 49,
1252 1483 1321 1547 cap.
1345 1465 1405 1550 61
1430 1471 1444 1529 1
1471 1464 1582 1548 612).’
1614 1464 1862 1531 Ghaerecratem
1886 1473 1920 1531 et
1944 1466 2084 1532 (1116616-

274 1573 428 1658 phantom
446 1574 566 1641 fratres
582 1574 789 1640 vehementer
809 1575 896 1640 inter
919 1595 953 1640 se
976 1574 1201 1640 discordantes
1215 1574 1395 1642 invenimus
1415 1575 1585 1661 colloquio,
1610 1576 1696 1661 quod
1719 1577 1872 1644 Socrates
1894 1599 1967 1643 cum
1981 1579 2084 1644 Chae·

274 1691 404 1752 recrate
426 1686 587 1766 habuerit,
612 1669 660 1753 'ab
688 1686 745 1752 illo
768 1687 994 1752 reconciliatos
1016 1687 1050 1752 in
1073 1688 1213 1770 gratiam
1243 1707 1313 1752 esse
1345 1687 1478 1772 (Comm.
1500 1689 1520 1754 l.
1543 1689 1576 1755 11
1599 1709 1669 1774 cap.
1692 1691 1735 1772 3).
1780 1689 1903 1756 Critoni
1925 1691 2087 1775 querenti,

275 1818 374 1883 quam
395 1799 566 1865 molestum
591 1805 678 1865 esset
698 1799 807 1865 vivere
830 1798 965 1864 Athenis
988 1799 1026 1878 61,
1050 1803 1106 1882 qui
1129 1819 1206 1864 suas
1226 1819 1279 1865 res
1294 1819 1392 1883 agere
1407 1805 1549 1884 cuperet,
1572 1807 1748 1886 propterea
1768 1801 1856 1884 quod
1871 1809 2083 1868 accusaretur

274 1910 513 1995 aquibusdam
543 1931 607 1977 non
639 1931 703 1996 quo
733 1911 885 1977 iniuriam
915 1931 993 1976 ase
1015 1912 1238 1995 accepissent,
1268 1911 1326 1977 sed
1356 1911 1443 1995 quod
1465 1914 1637 1996 pecuniam
1661 1912 1786 1979 solvere
1806 1934 1842 1979 se
1864 1914 1961 1980 malle
1983 1935 2085 1998 quarn

274 2023 440 2090 molestias
463 2023 585 2090 habere
608 2022 865 2104 arbitrarentur,
890 2023 1058 2103 Socrates,
1091 2023 1339 2090 1166106111.
1362 2023 1436 2089 111
1459 2045 1529 2108 cap.
1553 2031 1583 2104 9,
1606 2026 1717 2104 616611,
1739 2031 1785 2104 ut,
1809 2023 2081 2110 quemadmodum

274 2156 372 2202 canes
395 2136 507 2215 aleret,
530 2136 587 2220 qui
608 2136 703 2220 lupos
726 2135 788 2201 sibi
811 2135 854 2200 ab
876 2135 991 2201 ovibus
1013 2143 1176 2214 arcerent,
1207 2137 1256 2200 ita
1277 2135 1440 2202 hominem
1463 2136 1605 2220 aliquem
1627 2137 1732 2202 aleret
1754 2138 1810 2221 qui
1832 2137 2030 2220 defenderet,
2054 2141 2082 2206 si

275 2249 331 2333 qui
353 2248 505 2313 iniuriam
536 2249 566 2314 ei
590 2252 787 2314 conarentur
808 2245 937 2313 inferre.
982 2247 1041 2313 Cui
1068 2247 1142 2327 1116,
1170 2247 1397 2314 Libentissime
1419 2248 1453 2313 id
1476 2248 1623 2333 quidem,
1652 2249 1715 2314 nisi
1737 2269 1884 2329 vererer,
1906 2271 1947 2316 ne
1968 2256 2084 2317 contra

274 2362 452 2446 meipsum
474 2382 508 2426 se
531 2366 647 2427 161161.
692 2361 844 2426 Socrates
864 2365 974 2425 autem
990 2358 1166 2444 respondit,
1189 2381 1253 2425 non
1269 2359 1391 2438 deesse,
1412 2361 1468 2443 qui
1491 2362 1521 2426 ei
1543 2360 1713 2427 studerent
1734 2369 1834 2444 atque
1846 2363 1987 2428 amicum
2007 2383 2084 2428 eum

273 2471 396 2540 habere
420 2481 584 2557 cuperent.
628 2473 745 2556 ltaque
767 2471 822 2538 ille
844 2472 1082 2538 Archedemum
1113 2471 1276 2555 quendam
1306 2470 1369 2537 sibi
1389 2472 1573 2539 adiutorem
1595 2473 1751 2539 adversus
1774 2474 1978 2541 inimicorum
2003 2477 2080 2540 insi·

273 2586 346 2652 dias
369 2587 571 2671 comparavit
593 2586 788 2651 acerrimum
810 2588 843 2650 61
866 2583 1118 2651 callidissimum.
1164 2583 1255 2649 Haec
1284 2584 1372 2668 apud
1394 2583 1641 2669 Xenophontem
1665 2585 1840 2651 memoriae
1857 2587 1986 2652 ’11611116
2005 2594 2081 2654 6111

274 2697 314 2764 de
335 2698 376 2764 iis
397 2697 484 2778 viris,
507 2718 589 2781 quos
610 2697 665 2762 ille
686 2704 854 2781 tamquam
875 2702 986 2777 166166,
1008 2717 1081 2762 cum
1103 2696 1271 2762 Socratem
1293 2695 1496 2775 defenderet,
1525 2697 1589 2762 sibi
1612 2697 1759 2763 citandos
1782 2718 1852 2764 esse
1875 2699 2086 2765 existimavit.

428 2810 479 2876 Ad
511 2810 627 2875 horum
660 2810 922 2893 gravissimorum
954 2809 1087 2874 testium
1120 2829 1305 2888 numerum,
1339 2808 1463 2888 fateor,
1496 2809 1647 2892 exiguum
1686 2809 1846 2875 accedunt
1882 2810 2082 2892 Charmides,

274 2922 450 2989 Glauconis
479 2921 583 3002 filius,
614 2929 648 2987 61
676 2921 852 3006 Epigenes,
881 2920 1090 3006 Antiphontis
1112 2920 1317 2985 Atheniensis
1339 2918 1442 2999 filius,
1474 2920 1672 2986 adulescens.
1717 2922 1860 3001 Quorum
1881 2922 1950 3003 ille,
1972 2928 2009 2989 11
2031 2929 2082 2990 661

275 3033 643 3118 061111111166117
673 3037 690 3121 g
715 3037 747 3112 1,
779 3031 865 3120 ἀνὴρ
894 3032 1098 3118 (adulescens
1129 3033 1176 3098 ait
1204 3030 1315 3098 Cobet.
1361 3031 1554 3117 Prosopogr.
1581 3032 1661 3098 Xen.
1695 3055 1726 3117 p.
1751 3035 1807 3116 43)
1842 3029 2014 3122 ἀξιόλογος
2048 3041 2081 3101 61

273 3148 375 3215 multo
403 3147 507 3232 magis
535 3167 634 3230 quam
648 3147 764 3212 sceteri
793 3145 836 3211 ad
866 3165 934 3210 rem
961 3145 1127 3229 publicam
1158 3143 1332 3228 gerendam
1361 3144 1512 3225 idoneus,
1544 3167 1616 3210 cum
1647 3165 1838 3230 congressus
1867 3165 1994 3227 661111,
2024 3148 2083 3231 qui

274 3259 530 3344 rempublicam
553 3265 713 3342 gererent,
736 3257 888 3342 frequens
912 3256 1027 3337 adiret,
1050 3257 1178 3322 etiamsi
1200 3255 1282 3323 bene
1306 3256 1368 3336 his,
1389 3278 1463 3323 cum
1486 3256 1610 3342 aliquid
1633 3278 1706 3322 oum
1730 3277 1769 3322 66
1784 3257 2077 3339 communicabant,

274 3372 429 3438 suaderet
458 3376 506 3451 et,
537 3392 609 3437 cum
640 3368 838 3456 peccabant,
868 3375 958 3435 recte
987 3389 1042 3435 eos
1071 3369 1274 3454 vituperaret
1296 3371 1309 3451 (
1330 3419 1337 3433 .
1361 3370 1379 3455 §
1402 3371 1452 3452 3),
1486 3375 1596 3435 tamen
1622 3370 1750 3436 Socrati
1772 3369 1985 3453 impellendus
2008 3391 2084 3436 6666

273 3487 361 3552 visus
383 3489 448 3564 661,
481 3488 519 3550 11
541 3504 581 3548 16
603 3483 637 3548 iu
657 3481 813 3567 populum
837 3480 969 3566 prodire
991 3487 1089 3566 atque
1113 3481 1161 3546 rei
1182 3480 1334 3565 publicae
1355 3480 1487 3546 studere
1505 3481 1673 3548 dubitaret
1694 3501 1792 3560 neve,
1825 3502 1898 3546 oum
1920 3503 1980 3547 nec
2002 3503 2079 3567 pru·

273 3597 480 3664 dentissimos
509 3602 678 3662 vereretur
707 3615 767 3660 nec
789 3593 1005 3659 validissimos
1035 3599 1211 3673 metueret,
1242 3592 1329 3677 apud
1352 3593 1634 3678 insipientissimos
1663 3599 1696 3658 et
1720 3592 1956 3659 infirmissimos
1978 3594 2080 3660 verbe

273 3709 383 3776 facere
406 3708 614 3774 erubesceret
636 3709 668 3793 (§
690 3709 732 3791 5).
777 3707 954 3795 Epigenem
976 3711 1095 3784 autem,
1118 3704 1358 3771 adulescentem
1381 3704 1420 3774 τὸ
1449 3715 1543 3792 σᾶμα
1571 3713 1681 3786 κακῶς
1710 3705 1841 3791 ἔχοντα,
1864 3711 1999 3791 propter
2030 3708 2080 3772 in·

274 3822 398 3887 curiam
424 3821 570 3905 corporis
598 3839 663 3885 non
685 3819 791 3884 minus
813 3839 868 3884 eos
889 3817 1122 3902 vituperandos
1144 3837 1216 3882 6666
1239 3816 1342 3896 docet,
1367 3819 1423 3900 qui
1444 3818 1594 3901 patriam
1610 3838 1749 3897 servare,
1771 3838 1870 3903 quam
1893 3819 1950 3903 qui
1972 3818 2080 3904 Olym·

272 3935 400 4018 piorum
431 3933 599 3998 1161611611
634 3938 804 4018 reportare
845 3931 987 4014 eupiunt
1042 3927 1342 3996 Commemorantur
1378 3935 1551 4014 praeterea
1587 3929 1797 3996 Aristarchus
1834 3935 1868 3995 et
1905 3930 2078 4010 1111116166,

274 4051 399 4112 1616166
429 4044 563 4129 quidam
592 4043 737 4110 Socratis
765 4043 860 4108 amici
892 4043 926 4127 (l.
948 4043 980 4108 11
1009 4062 1079 4126 cap.
1105 4046 1123 4106 7
1147 4043 1252 4126 618),
1281 4061 1419 4125 quorum
1447 4042 1518 4120 ille,
1550 4049 1725 4126 postquam
1754 4043 1789 4106 in
1820 4041 1979 4107 seditione
2008 4047 2079 4108 erat

274 4151 405 4236 civitas,
436 4178 510 4222 cum
538 4156 633 4222 multi
660 4157 694 4220 in
720 4155 872 4220 Piraeum
895 4153 1131 4237 confugissent,
1168 4153 1335 4220 sororibus
1366 4174 1578 4238 sororumque
1601 4152 1731 4220 filiabus
1754 4159 1855 4238 atque
1876 4155 2078 4221 consobrinis

272 4275 408 4355 propter
429 4269 636 4353 iniquitatem
656 4273 839 4352 temporum
861 4266 992 4332 domum
1014 4285 1107 4331 suam
1135 4266 1277 4350 receptis
1299 4267 1443 4351 graviter
1465 4265 1609 4346 ferebat,
1642 4267 1730 4350 quod
1752 4265 1932 4332 familiares
1952 4267 2078 4332 rideret

271 4383 380 4467 perire
406 4402 513 4466 neque
542 4387 611 4447 tam
641 4379 760 4446 multos
784 4417 824 4428 -
848 4385 943 4444 erant
971 4384 1083 4444 autern·
1109 4378 1142 4443 in
1174 4399 1213 4444 ea
1239 4377 1335 4444 domo
1358 4378 1503 4444 homines
1525 4379 1622 4445 liberi
1644 4378 1905 4463 quattuordecim
1924 4415 1968 4428 -
1989 4377 2078 4444 alere

271 4494 337 4560 illis
359 4493 562 4579 temporibus
583 4498 703 4577 posset.
746 4491 859 4576 Neque
883 4491 966 4558 enim
982 4490 1160 4575 quidquam
1181 4489 1233 4556 vel
1256 4491 1401 4573 onagris
1423 4490 1474 4556 vel
1497 4511 1537 4556 ex
1553 4490 1702 4558 domibus
1725 4491 1832 4556 redire
1850 4511 1956 4575 neque
1978 4489 2082 4556 licere

273 4613 331 4676 aut
353 4605 587 4692 supellectilem
609 4604 750 4672 vendere
773 4610 831 4670 611
850 4610 997 4671 mutuam
1021 4622 1148 4669 sumere
1170 4603 1351 4686 pecuniam.
1396 4602 1477 4668 Tum
1500 4603 1652 4670 Socrates
1673 4608 1873 4689 pervagatae
1895 4608 1975 4668 tunc
1995 4609 2079 4670 tern-

271 4719 361 4804 poris
392 4717 536 4802 opinioni
565 4737 658 4784 suam
687 4715 912 4801 opponendam
950 4735 1021 4782 6666
1049 4713 1165 4779 statuit
1194 4714 1388 4780 sententiam
1417 4715 1635 4800 mulieresque
1663 4715 1715 4781 vel
1743 4713 1881 4793 liberas,
1914 4714 1942 4779 61
1971 4719 2079 4780 166166

272 4831 428 4911 facerent,
451 4829 486 4895 id
506 4828 593 4914 quod
617 4829 824 4909 didicissent,
844 4827 926 4893 nihil
949 4827 1028 4911 ipsis
1049 4825 1216 4911 indiguum
1239 4825 1385 4892 facturas
1407 4833 1570 4912 auctaque
1591 4847 1628 4894 re
1650 4825 1804 4893 familiari
1827 4825 2082 4892 concordissime

273 4965 345 5009 cum
366 4942 424 5009 illo
444 4943 587 5008 victuras
610 4961 681 5008 6666
703 4939 946 5007 demonstravit.
990 4936 1171 5004 Eutherum
1200 4958 1348 5022 quoque,
1380 4945 1413 5005 et
1434 4939 1694 5024 possessionibus
1724 4945 1818 5005 extra
1845 4938 1973 5005 Atticae
1995 4937 2079 5004 fines

271 5055 435 5140 privatum
457 5075 563 5139 neque
584 5053 618 5120 in
637 5053 746 5119 Attica
763 5051 941 5137 quidquam
964 5071 984 5116 a
1003 5056 1099 5137 patre
1118 5049 1267 5117 relictum
1280 5051 1463 5132 habentem,
1488 5072 1562 5118 cum
1589 5072 1726 5136 corpore
1746 5051 1868 5118 victum
1892 5055 2081 5135 quaereret,
