4784 5720
1172 243 1198 316 4

269 446 370 526 uitur,
402 443 520 530 quibus
542 444 724 531 Xenophon
746 444 950 511 sermonibus
975 445 1151 512 memoriae
1172 445 1303 512 traditis
1330 453 1486 530 quantum
1511 447 1663 513 Socrates
1686 452 1719 512 et
1741 443 1937 529 quibusnam
1959 449 1993 510 et
2015 463 2082 527 qua

270 558 398 623 ratione
419 556 581 643 profuerit
599 556 839 623 demonstrasse
860 557 1041 643 pietatique
1063 556 1151 624 illins
1173 558 1322 625 serviisse
1344 558 1503 626 videatur.

425 671 473 735 Ac
493 669 714 735 testimonium
737 669 874 734 exiuriae
901 669 988 736 illius
1018 669 1116 750 artis,
1147 690 1213 754 qua
1241 670 1410 754 praeditus
1432 671 1584 738 Socrates
1613 670 1760 736 homines
1788 675 1821 735 et
1851 667 2080 753 prudentiores

270 779 431 847 reddebat
453 787 487 846 et
508 779 676 861 meliores,
706 781 934 864 gravissimum
956 802 977 847 a
998 781 1213 866 Xenophonte
1242 781 1337 849 nobis
1358 783 1516 850 traditum
1546 789 1655 850 osteo
1676 781 1778 861 libro,
1809 782 1864 866 qui
1892 782 1979 846 inter
2010 780 2080 846 eius

270 914 435 960 sermones
458 893 643 959 Socraticos
662 892 805 958 nondum
828 893 910 959 satis
939 893 1089 959 omnibus
1111 914 1216 978 neque
1238 894 1387 979 cognitus
1408 916 1515 981 neque
1536 894 1691 962 laudatus
1714 901 1780 973 est,
1814 894 1870 978 qui
1890 890 2080 958 inscribitur

273 1004 500 1093 Οἰκονομικός.
545 1005 713 1071 Socratem
735 1025 808 1070 curu
826 1003 993 1071 Critobulo
1017 1004 1225 1072 adulescente
1248 1005 1444 1090 colloquium
1459 1007 1635 1093 aliquando
1658 1027 1769 1074 coram
1791 1005 1864 1072 aliis
1885 1003 2080 1089 quibusdam

268 1116 445 1183 habentem
461 1116 651 1203 Xenophon,
674 1117 843 1201 cumipse,
866 1122 903 1182 nt
919 1118 975 1198 ait,
998 1116 1185 1198 audivisset,
1200 1137 1356 1202 praesens
1369 1119 1463 1185 testis
1478 1119 1606 1186 rettulit
1620 1120 1761 1204 primum
1778 1117 1985 1203 quaesivisse,
2001 1115 2079 1201 quid
2191 1145 2193 1150 ·

270 1237 357 1297 esset
378 1232 570 1317 οἰκονομία,
600 1228 678 1314 quid
701 1231 806 1311 οἰκία,
839 1228 917 1314 quid
945 1229 1097 1316 χρήματα
1118 1228 1170 1295 vel
1190 1229 1355 1317 κτήματα,
1386 1231 1465 1315 quid
1487 1230 1664 1318 οἰκονόμος
1691 1227 1837 1318 ἀγαθός,
1866 1237 1937 1296 tum
1966 1249 2078 1295 earum

268 1362 380 1408 rernm
401 1340 590 1408 notionibus
613 1341 778 1426 conceptis
800 1361 928 1407 omnem
958 1347 1063 1407 artem
1091 1361 1162 1407 rem
1190 1340 1384 1408 familiarem
1411 1341 1494 1409 bene
1522 1342 1771 1409 administrandi
1801 1347 1900 1426 atque
1922 1347 2080 1426 quaestus

270 1452 413 1520 faciendi
444 1474 505 1538 pro
531 1453 633 1520 nihilo
660 1452 847 1520 habendum
877 1452 1057 1532 iudicasse,
1091 1454 1153 1520 nisi
1184 1453 1257 1538 quis
1278 1474 1313 1519 se
1335 1462 1521 1539 praestaret
1542 1453 1681 1522 liberum
1704 1453 1747 1520 ab
1769 1454 1905 1533 inertia,
1933 1451 2078 1532 mollitie,

270 1566 412 1646 monna,
443 1565 583 1651 denique
614 1566 756 1632 omnium
783 1586 959 1652 pravarum
989 1565 1206 1650 cupiditatum
1228 1564 1447 1634 dominatione
1469 1567 1662 1652 perniciosa.
1706 1565 1920 1651 Lepidissime
1941 1563 2080 1632 eundem

270 1677 388 1745 deinde
411 1678 666 1759 demonstrasse,
689 1698 741 1758 se,
771 1679 925 1762 qnoniam
946 1678 1085 1744 haberet
1109 1676 1195 1743 unde
1217 1677 1342 1744 viveret
1363 1699 1423 1744 nec
1445 1680 1568 1746 maiore
1589 1679 1728 1766 pecunia
1749 1678 1920 1764 indigeret,
1943 1699 1980 1743 re
2002 1698 2080 1743 vera

270 1811 341 1857 esse
363 1791 513 1870 divitem,
541 1790 633 1856 illum
661 1811 739 1856 vero
765 1789 942 1856 admodum
972 1809 1150 1876 pauperem
1178 1789 1416 1875 miserumque,
1446 1791 1567 1876 qnippe
1590 1811 1701 1876 quem,
1732 1811 1836 1875 neque
1858 1791 1906 1858 rei
1928 1787 2079 1874 publicae

268 1903 443 1968 immunem
471 1908 505 1968 et
534 1901 757 1986 voluptatibus
786 1902 947 1984 deditum,
979 1909 1128 1987 sumptus
1150 1902 1288 1977 maiores
1311 1923 1410 1987 quam
1436 1924 1496 1990 pro
1527 1903 1594 1970 snis
1623 1901 1740 1987 opibus
1767 1901 1876 1968 facere
1899 1909 2076 1986 oporteret.

269 2013 414 2098 Cumque
436 2013 624 2080 Critobulus
645 2020 811 2099 rogasset,
841 2020 893 2094 ut,
923 2015 951 2080 si
982 2014 1070 2100 quod
1100 2015 1243 2080 novisset
1265 2013 1367 2101 ἔργον
1387 2013 1580 2102 πλουτηοόν
1602 2016 1653 2081 vel
1674 2015 1794 2103 τέχνην
1815 2012 2076 2102 χρηματοποιόν,
2207 2058 2218 2071 -

270 2146 378 2191 secum
403 2127 677 2206 communicaret,
706 2125 952 2210 philosophum,
983 2127 1109 2193 scilicet
1129 2147 1247 2212 parum
1267 2125 1396 2192 inistis
1418 2127 1516 2193 rebus
1541 2133 1721 2206 versatum,
1749 2125 1861 2193 deesse
1882 2131 1993 2192 tamen
2014 2146 2079 2191 non

269 2236 479 2304 mediocriter
500 2237 666 2304 laboranti
688 2236 831 2304 noluisse
862 2258 966 2321 eaque
989 2258 1074 2322 quae
1102 2236 1146 2303 ab
1167 2237 1396 2316 ischomaoho,
1429 2240 1552 2324 optimo
1574 2240 1643 2305 viro
1667 2238 1857 2304 Atheniensi
1878 2243 1978 2322 atque
1999 2238 2079 2320 eius,

271 2348 311 2414 de
334 2369 400 2433 qua
422 2357 585 2433 ageretur,
607 2350 690 2415 artis
712 2349 920 2434 peritissimo,
943 2348 1120 2434 aliquando
1143 2349 1318 2430 didicisset,
1341 2351 1439 2435 plane
1460 2358 1494 2416 et
1515 2351 1682 2434 eleganter
1706 2350 1902 2435 exposuisse.

425 2461 576 2527 Proiecto
598 2460 795 2541 Critobulus,
817 2461 845 2528 si
868 2461 1020 2528 Socrates
1042 2481 1148 2545 neque
1162 2461 1366 2527 Ischomachi
1388 2463 1584 2529 mentionem
1606 2463 1715 2529 iacere
1737 2481 1844 2545 neque
1863 2461 1966 2527 ullum
1988 2461 2078 2528 aliud

271 2575 301 2640 ei
324 2575 507 2658 exemplum
530 2572 573 2640 ad
599 2572 794 2640 imitandum
814 2593 998 2658 proponere
1017 2574 1188 2658 potuisset,
1209 2572 1298 2638 haud
1319 2574 1418 2659 paulo
1440 2574 1555 2640 melior
1576 2580 1610 2640 et
1632 2574 1759 2640 doctior
1779 2572 1822 2640 ab
1843 2572 1900 2639 illo
1925 2573 2077 2640 dimissus

270 2685 414 2753 abiisset.
459 2686 588 2751 Etenim
610 2706 772 2770 quasnam
803 2705 915 2751 earum
943 2706 1071 2765 rerum,
1102 2685 1221 2769 quibus
1251 2705 1324 2752 eum
1355 2686 1487 2753 studere
1519 2707 1652 2752 necesse
1683 2693 1770 2766 erat,
1800 2687 1949 2752 notiones
1969 2694 2078 2752 mente

271 2797 502 2883 concipiendae
524 2804 642 2876 essent,
666 2797 841 2880 didicerat3
865 2797 944 2882 quid
964 2797 1072 2882 ipsum
1094 2817 1134 2862 ex
1157 2797 1224 2863 suis
1245 2797 1344 2864 rebus
1361 2804 1470 2865 tantos
1488 2797 1613 2864 fructus
1638 2798 1769 2883 quantis
1790 2819 1873 2884 opus
1894 2803 1981 2864 esset
2002 2818 2077 2884 per·

271 2911 381 2996 cipere
402 2908 610 2994 prohiberet,
630 2910 820 2995 intellegere
844 2915 1012 2995 coeperat,
1042 2908 1278 2994 cupiditatibus
1301 2910 1536 2977 moderandum
1558 2932 1597 2977 ac
1620 2911 1687 2977 suis
1710 2908 1773 2976 sibi
1793 2911 1860 2976 iam
1881 2908 1981 2976 rebus
2002 2930 2078 2994 pro·

270 3021 471 3107 spicieudum
488 3043 559 3089 esse
579 3043 600 3088 a
621 3021 757 3088 Socrate
773 3021 916 3090 monitus
930 3041 1124 3106 persuasum
1139 3021 1293 3088 habebat
1337 3021 1462 3109 Nempe
1477 3023 1666 3104 amicorum,
1680 3043 1763 3108 quos
1779 3022 1909 3090 videtur
1924 3021 2079 3088 habuisse

270 3154 335 3199 non
356 3153 494 3220 paucos,
523 3133 613 3200 haud
634 3135 701 3200 scio
724 3155 767 3200 an
795 3154 890 3201 nemo
917 3134 947 3200 ei
966 3133 1166 3220 persuadere
1196 3133 1230 3200 in
1252 3134 1394 3200 smmum
1416 3133 1598 3216 induxerit,
1627 3135 1671 3202 ad
1691 3134 1843 3202 habitum
1864 3155 1956 3214 eum,
1983 3154 2079 3219 quem

274 3245 338 3312 sibi
361 3253 519 3326 sumeret,
542 3252 643 3332 atque
670 3245 714 3312 ad
734 3245 901 3312 hominum
922 3246 1213 3326 existimationem,
1236 3266 1276 3312 ne
1303 3245 1452 3331 sitriplo
1479 3246 1610 3331 quidem
1631 3247 1705 3332 plus
1729 3267 1827 3331 quam
1847 3246 2030 3332 possideret
2050 3247 2080 3311 ei

271 3359 480 3440 accessisset,
510 3380 551 3425 ne
581 3365 652 3426 tum
680 3358 811 3443 quidem
838 3359 919 3425 satis
949 3359 1107 3443 pecunias
1138 3357 1168 3423 ei
1198 3357 1344 3428 futurum
1375 3379 1456 3424 esse.
1500 3359 1652 3426 Forsitan
1679 3360 1805 3444 primus
1835 3359 1899 3443 ipsi
1926 3359 2079 3424 Socrates

272 3470 381 3538 dicere
403 3491 504 3538 ausus
519 3471 576 3551 eit,
599 3492 673 3537 eum
693 3491 758 3537 nou
780 3469 876 3537 modo
898 3491 963 3536 non
985 3471 1161 3536 immunem
1183 3489 1255 3536 esse
1277 3469 1345 3550 dis,
1368 3471 1490 3552 amicis,
1513 3471 1646 3552 civibus,
1667 3470 1877 3556 reipublicae,
1897 3469 1959 3536 sed
1979 3471 2079 3536 etiarn

252 3581 493 3650 abundantem
516 3583 580 3650 sibi
600 3582 703 3648 videri
726 3602 797 3649 esse
814 3589 847 3649 et
863 3581 1086 3668 neglegentem
1101 3589 1257 3666 quaestus
1271 3581 1414 3649 faciendi
1428 3582 1591 3668 rebusque
1612 3582 1746 3650 ludicris
1766 3581 1954 3668 indulgere,
1985 3583 2079 3666 quasi

271 3695 334 3761 sibi
355 3696 478 3762 liceret
523 3695 597 3762 Non
618 3694 746 3762 destitit
767 3693 955 3762 Critobulus
976 3694 1095 3761 abillo
1117 3701 1239 3780 petere,
1261 3701 1299 3762 ut
1319 3716 1360 3762 ne
1383 3695 1447 3762 sibi
1469 3695 1611 3775 deesset,
1634 3695 1806 3778 quominus
1827 3695 1927 3762 miser
1948 3695 2078 3760 omnino

270 3828 310 3873 ac
331 3827 458 3894 pauper
480 3806 643 3874 evaderet.
688 3808 828 3876 Tantum
845 3806 1037 3873 adulescens
1058 3807 1094 3872 in
1117 3807 1301 3891 cognitione
1323 3808 1374 3873 sui
1396 3813 1531 3874 auctore
1547 3807 1683 3874 Socrate
1699 3807 1894 3894 profecerat.
1937 3805 2078 3872 Instanti

269 3919 325 3985 ille
358 3941 482 3986 morem
511 3919 612 4005 gessit
634 3926 682 3998 et,
720 3917 880 4003 quidquid
909 3918 1052 3986 adeam
1082 3939 1151 3985 rem
1179 3918 1332 3986 idoneum
1360 3919 1521 4000 habebat,
1551 3919 1594 3986 ab
1625 3919 1836 3987 Ischomache
1865 3918 1982 3985 doctus
2013 3937 2079 3984 me·

270 4031 405 4098 moriter
425 4031 572 4118 protulit

425 4145 516 4224 Quae
537 4143 635 4210 laude
661 4142 760 4228 digna
789 4147 866 4210 sunt
894 4143 929 4208 iu
955 4141 1066 4210 libello
1093 4149 1162 4208 tam
1190 4141 1276 4209 bono
1307 4164 1405 4228 quam
1434 4145 1582 4230 copioso,
1616 4165 1680 4211 uon
1704 4165 1836 4229 possum
1868 4163 1909 4210 ea
1941 4140 2078 4208 laudare

270 4256 384 4341 paucis
406 4257 524 4324 omnia
568 4255 658 4322 Nihil
678 4255 735 4322 illo
759 4254 962 4322 Ischomachi
984 4254 1132 4340 exemplo
1161 4255 1272 4341 aptius
1302 4255 1345 4322 ad
1366 4255 1629 4340 persuadendum
1649 4256 1787 4324 inveniri
1808 4257 1925 4340 potuit.
1970 4256 2076 4335 Quam

270 4369 400 4454 egregie
419 4368 485 4448 ille,
508 4368 670 4454 quomodo
691 4388 827 4436 uxorem
849 4367 1033 4452 quindecim
1055 4387 1157 4432 annos
1178 4373 1303 4446 autern,
1334 4366 1512 4435 liberorum
1534 4367 1737 4435 educationis
1755 4367 1943 4452 ordinisque
1965 4373 1999 4433 et
2022 4385 2078 4432 ne·

271 4480 433 4566 gotiorum
465 4481 716 4548 domesticorum
739 4480 882 4546 omnium
912 4480 1062 4564 ignaram
1091 4485 1191 4564 atque
1218 4478 1363 4546 fucatam
1385 4481 1526 4567 speciem
1547 4500 1628 4564 prae
1658 4501 1693 4546 se
1715 4479 1875 4547 ferentem
1896 4479 2078 4546 instituerit

271 4600 305 4658 st
326 4592 524 4674 emendarit,
553 4592 715 4678 quomodo
738 4590 848 4658 officia
876 4596 910 4658 et
937 4611 999 4658 sua
1025 4591 1171 4676 ipsorum
1197 4599 1230 4658 et
1252 4612 1436 4671 servorum,
1467 4591 1679 4658 admiuhmas
1711 4592 1887 4678 praecipue
1916 4599 1950 4658 et
1970 4590 2078 4669 villici,

271 4704 545 4791 dispensaverint,
567 4703 730 4789 quomodo
752 4704 893 4789 denique
915 4705 986 4791 ipse
1015 4723 1167 4771 exercere
1189 4703 1295 4770 soleat
1316 4703 1387 4788 agri
1408 4703 1629 4789 arborumque
1651 4702 1830 4772 culturam
1874 4705 1979 4784 Quam
2002 4721 2078 4768 vere

270 4839 384 4884 rrusus
406 4817 575 4896 Socrates,
598 4816 834 4901 agriculturam
854 4817 998 4884 omnium
1019 4817 1140 4883 artium
1161 4814 1349 4882 facillimam
1372 4835 1411 4882 ao
1432 4815 1699 4884 iucundissimam
1721 4815 1765 4882 ad
1786 4815 1975 4882 discendum
1996 4835 2077 4894 esse,

271 4949 371 5014 qnam
392 4928 579 5016 praeclare,
605 4928 838 5013 interrogando
860 4927 1007 4995 homines
1030 4927 1141 4994 doceri
1164 4934 1264 5014 atque
1284 4936 1404 4996 natura
1426 4947 1538 4994 amare
1558 4949 1670 4994 omnes
1691 4949 1748 5010 ea,
1778 4950 1820 4996 ex
1849 4926 1968 5014 quibus
1991 4946 2078 4993 com·

270 5041 403 5109 modum
421 5042 497 5127 oapi
518 5061 615 5129 posse
637 5041 837 5108 existiment!
880 5039 947 5108 Sed
966 5039 1030 5107 hoo
1051 5046 1238 5141 teneamus,
1268 5061 1416 5108 sermone
1444 5041 1534 5128 ipso,
1563 5041 1620 5126 qui
1649 5047 1699 5108 est
1728 5041 1813 5108 inter
1845 5040 2014 5110 Socratem
2045 5045 2078 5106 et
