4784 5720
1202 247 1225 322 ὃ

307 456 531 536 Critobulum,
562 455 742 542 sapientem
765 453 856 520 illum
878 453 1040 522 hominem
1063 448 1191 518 ostendi
1212 450 1430 518 humanarum
1452 472 1562 518 rerum
1585 449 1872 536 prudentissimum
1896 458 2054 536 quantum
2076 450 2120 518 ad

309 569 437 636 animos
457 587 629 652 moresque
651 587 772 646 eorum,
795 566 851 650 qui
874 585 947 634 curn
970 585 1008 631 eo
1032 570 1150 643 essent,
1170 563 1346 647 praecipue
1368 563 1627 630 adulescmtium
1650 562 1869 630 emendandos
1890 563 2039 634 valuerit.

467 681 575 764 Atque
598 699 637 744 eo
659 678 764 763 magis
785 677 937 744 idoneum
961 677 1110 744 existimo
1132 696 1203 742 esse
1225 675 1288 742 hoc
1310 675 1537 762 Xenophontis
1558 675 1600 742 de
1623 675 1758 741 Socrate
1778 675 1999 742 testimonium
2021 695 2119 761 prop·

311 799 421 868 terea,
452 791 540 876 quod
562 789 664 858 habet
683 810 794 856 omnes
816 791 850 856 in
871 809 906 856 se
929 809 1081 857 numeros
1103 788 1259 854 veritatis.
1304 787 1388 854 Nam
1418 809 1458 854 ea
1485 788 1595 864 mitto,
1627 806 1713 870 quae
1742 785 1940 871 colloquium
1961 825 2004 836 -
2025 807 2119 854 exor-

307 905 401 971 dium
423 902 488 970 dici
511 909 631 988 posset,
654 902 682 968 si
704 907 792 970 esset
813 902 944 968 brevius
967 907 1000 968 et
1022 900 1128 968 minna
1150 920 1249 984 grave
1270 937 1314 948 -—
1336 905 1517 984 sequuntur
1535 918 1606 984 cap.
1619 897 1676 977 Ill,
1694 903 1709 964 l
1728 934 1770 948 -
1786 899 1839 978 VI,
1856 903 1905 979 11,
1928 919 2022 983 quae,
2046 919 2120 966 cum

312 1037 332 1094 a
352 1016 439 1082 bono
463 1015 574 1098 aliquo
596 1015 758 1099 scriptore
780 1014 894 1080 addita
914 1033 979 1080 non
1001 1013 1081 1092 sint,
1110 1017 1181 1078 tum
1209 1013 1296 1078 inter
1318 1011 1464 1079 Socratis
1486 1011 1576 1078 dicta
1596 995 1714 1078 referri
1738 1031 1803 1076 non
1825 1017 1971 1095 possunt
2015 1011 2120 1078 Inter·

310 1131 397 1196 iecta
426 1127 493 1194 ista
522 1126 603 1192 miro
634 1125 776 1210 quodam
807 1125 942 1192 consilio
968 1124 1076 1191 media
1104 1125 1190 1190 inter
1219 1122 1417 1208 colloquium
1446 1125 1554 1210 ipsum
1584 1129 1618 1189 et
1645 1124 1790 1190 Socratis
1818 1124 2041 1190 narrationem
2063 1123 2120 1207 qni

309 1241 396 1308 tanti
412 1239 527 1324 quanti
544 1244 654 1304 cetera
670 1238 831 1318 aestimat,
845 1237 873 1303 is
887 1238 921 1304 in
936 1237 1120 1322 opinionem
1133 1235 1244 1302 veniat
1256 1255 1390 1302 necesse
1408 1242 1467 1316 est,
1484 1235 1733 1320 Xenophontem
1748 1236 1951 1302 committere
1964 1235 2120 1320 potuisse,

311 1359 350 1420 ut
372 1353 540 1418 Socratem
572 1349 612 1416 de
645 1349 731 1416 omni
765 1349 1046 1416 administratione
1074 1349 1122 1414 rai
1156 1347 1344 1427 familiaris,
1374 1346 1415 1413 da
1437 1353 1592 1432 quaestus
1620 1347 1762 1413 faciendi
1793 1347 1991 1428 rationibus,
2021 1346 2061 1412 de
2083 1367 2120 1414 re

313 1465 446 1542 rustica,
469 1462 609 1546 danique
628 1460 669 1528 de
689 1461 730 1528 iis
753 1461 861 1540 rebus,
885 1481 966 1546 quas
987 1460 1079 1527 illum
1095 1460 1189 1526 testis
1210 1465 1261 1526 est
1276 1481 1338 1526 usu
1352 1461 1504 1527 nimirum
1526 1479 1590 1526 non
1607 1465 1777 1546 expertum
1792 1460 1992 1544 ignoravisse
2013 1479 2120 1544 neque

310 1594 511 1662 quemquam
534 1573 651 1640 docere
673 1573 813 1640 voluisse
844 1579 902 1639 aut
931 1573 1092 1657 potuisse,
1121 1578 1244 1639 temere
1273 1573 1498 1639 instituentem
1521 1592 1624 1657 eaque
1652 1571 1750 1651 aden,
1780 1592 1847 1656 qua
1872 1571 2120 1638 lachomachum

314 1687 376 1756 sibi
398 1693 568 1773 praestare
590 1705 654 1752 non
677 1685 869 1769 ignorabat,
900 1684 1038 1752 scientia
1058 1683 1252 1770 gloriantem
1273 1683 1406 1750 iaceret
1450 1683 1519 1750 Nec
1540 1683 1672 1751 deerrat
1692 1683 1797 1751 solnm
1818 1683 1868 1750 vir
1889 1683 1993 1750 bonus
2016 1682 2058 1749 ab
2082 1702 2120 1749 eo
2178 1677 2182 1684 ’

310 1800 401 1884 quod
424 1797 488 1866 sibi
511 1809 744 1884 proposuerat,
776 1796 835 1863 sed
863 1796 964 1864 etiam
993 1795 1142 1863 omnibus
1163 1796 1288 1862 scilicet
1309 1797 1343 1862 in
1365 1795 1463 1863 rebus
1483 1802 1633 1864 versatus
1655 1797 1804 1881 exponit,
1832 1795 1881 1862 rei
1909 1795 2060 1862 militaris
2088 1800 2122 1861 et

314 1911 458 1979 rusticae
481 1929 594 1976 curam
616 1929 656 1976 ac
678 1908 820 1976 studium
843 1909 947 1974 virum
970 1908 1086 1976 decere
1106 1907 1291 1988 liberalem,
1315 1914 1442 1976 ceteras
1461 1913 1551 1974 artes
1575 1929 1686 1974 omnes
1712 1928 1851 1992 corpora
1872 1907 1999 1974 mollire
2021 1912 2121 1992 atque

307 2023 542 2108 impedimento
563 2042 633 2088 esse
656 2020 699 2086 ad
721 2020 896 2088 utilitatem
920 2027 954 2087 et
976 2021 1089 2087 amicis
1111 2026 1145 2088 et
1164 2020 1366 2106 reipublicae
1387 2019 1565 2102 ferendam,
1586 2027 1686 2106 atque
1707 2019 1881 2086 Persarum
1903 2021 1989 2104 regis
2012 2019 2121 2088 nescio

319 2136 411 2202 cuins
433 2132 617 2220 exemplum
640 2132 734 2199 addit
755 2132 843 2218 quod
865 2132 1052 2200 Critobulus
1072 2117 1220 2200 imitetur
1240 2133 1382 2198 maxime
1396 2132 1548 2200 videlicet
1569 2133 1730 2200 idoneum.
1775 2133 1883 2212 Quare
1905 2152 1979 2198 cum
2000 2131 2034 2198 in
2055 2150 2122 2198 una

314 2247 415 2314 libelli
445 2251 541 2333 parte
562 2245 703 2328 quadam
726 2244 882 2312 nonnulla
903 2245 1109 2312 inveniantur
1131 2265 1149 2311 e
1172 2244 1397 2330 Xenophontis
1426 2246 1531 2330 magia
1561 2265 1661 2330 quam
1691 2265 1709 2310 e
1736 2244 1882 2312 Socratis
1903 2243 2053 2328 proiecta
2072 2244 2121 2308 in·

309 2361 425 2446 genio,
457 2356 593 2436 accidit,
622 2363 659 2423 ut
695 2356 736 2422 de
772 2362 842 2424 toto
872 2355 957 2424 libro
983 2363 1083 2443 atque
1114 2356 1154 2424 de
1177 2357 1401 2442 Xenophontis
1429 2358 1567 2426 veritate
1596 2356 1680 2424 falsa
1710 2362 1769 2424 aut
1797 2355 1926 2424 infirma
1959 2355 2122 2422 fierenta

311 2470 496 2557 legentibus
519 2468 650 2536 iudicia

468 2581 560 2648 Haec
580 2581 690 2666 igitur,
712 2601 798 2665 quae
821 2601 882 2666 ego
903 2582 1105 2666 interpolata
1127 2602 1284 2648 essenon
1306 2583 1375 2648 sine
1398 2581 1508 2666 aliquo
1532 2582 1675 2649 virorum
1697 2581 1867 2648 doctorum
1897 2601 2033 2648 assensu
2055 2579 2123 2664 pri·

313 2717 385 2764 mos
406 2702 540 2762 auctore
556 2692 706 2778 Adelpho
726 2691 899 2761 Khohhoff
918 2694 1060 2780 probare
1083 2699 1219 2760 conatus
1241 2714 1322 2773 sum,
1344 2693 1373 2760 si
1397 2693 1522 2760 tradita
1542 2715 1607 2760 non
1626 2699 1744 2774 essent,
1765 2713 1870 2774 nemo,
1892 2693 2022 2777 opinor,
2051 2713 2122 2760 um·

310 2827 413 2893 qnam
442 2804 674 2885 dubitavisset,
709 2825 891 2874 sermonem
931 2807 1107 2873 memoriae
1142 2805 1278 2874 infixum
1312 2805 1496 2890 litterisque
1525 2805 1716 2874 mandatum
1745 2812 1879 2873 ateste
1909 2805 2018 2874 aurito
2046 2823 2123 2870 vere

309 2919 517 2987 ‘Socraticum
538 2918 694 2986 iudicare.
738 2918 824 2999 Quid
846 2919 931 2986 enim
962 2919 1067 3003 magis
1090 2918 1294 2986 Socraticum
1324 2938 1424 3004 quam
1445 2918 1594 2986 notiones
1618 2939 1729 2986 rerum
1750 2924 1904 2984 accurate
1927 2917 2122 3002 concipere?

316 3031 438 3098 Dicunt
458 3030 556 3097 huius
581 3029 713 3115 quidem
736 3031 818 3096 artis
841 3029 931 3096 illum
954 3030 1042 3116 apud
1063 3031 1311 3116 Xenophontem
1333 3029 1423 3096 haud
1443 3031 1492 3097 ita
1513 3051 1651 3114 gnarum
1672 3030 1784 3096 videri.
1828 3032 1873 3096 lit
1893 3029 2124 3096 Ocmmentarii

313 3142 484 3226 aliquante
501 3141 680 3237 studiosius
696 3142 849 3227 leguntur
864 3162 964 3228 quam
981 3142 1223 3210 Oeconomicus
1268 3143 1430 3210 Distinete
1443 3142 1631 3228 quaerendo
1653 3162 1718 3209 non
1739 3143 1808 3210 sine
1826 3141 1954 3208 facetiis
1970 3142 2124 3209 Socrates

322 3253 431 3333 efficit,
453 3260 491 3320 ut
511 3253 699 3322 Critobulus
720 3253 906 3340 intellegat,
937 3257 1135 3342 οἰκονομίαν
1156 3254 1347 3324 murnum
1369 3275 1441 3322 ease
1462 3253 1593 3324 domum
1613 3254 1862 3322 administrandi
1884 3253 1935 3320 vel
1957 3275 2050 3322 suam
2072 3253 2124 3320 vel

316 3365 466 3446 alterins,
497 3368 609 3435 οἰκίαν
630 3386 695 3432 non
718 3365 848 3432 domum
869 3365 974 3433 solum
996 3366 1055 3434 sed
1077 3369 1177 3434 etiam
1200 3365 1357 3452 quidquid
1379 3366 1539 3434 bonorum
1560 3367 1679 3452 aliquis
1701 3366 1885 3453 possideat,
1914 3366 2063 3454 χρήματα
2084 3385 2124 3431 ea

317 3478 434 3559 omnia,
456 3477 577 3562 quihus
600 3478 674 3562 quis
693 3479 743 3544 sic
764 3477 870 3564 pessit
889 3479 961 3558 uti,¹
973 3485 1012 3546 ut
1030 3479 1160 3546 irrmtus
1175 3479 1251 3546 inde
1265 3479 1444 3564 percipiam
1466 3481 1639 3564 quominus
1660 3485 1771 3546 autem
1785 3479 1978 3565 percipiant,
2000 3477 2124 3564 pleros·

310 3610 379 3674 qne
400 3589 553 3675 impediri
574 3589 826 3677 cupiditatibus,
854 3611 959 3676 neque
987 3592 1020 3658 in
1048 3592 1165 3658 iisdem
1196 3591 1349 3678 operibus
1371 3591 1486 3658 eadem
1507 3591 1659 3659 omnibus
1678 3591 1810 3676 profici,
1840 3590 1898 3658 sed
1918 3589 2126 3676 neglegentia

318 3701 399 3768 alios
429 3707 579 3786 egentes,
611 3701 692 3768 alios
723 3701 893 3788 diligentia
920 3703 1126 3770 abundantes
1155 3703 1235 3770 fieri.
1280 3702 1365 3783 Quid
1394 3703 1530 3770 Socrate
1557 3704 1663 3788 magis
1689 3704 1823 3788 dignum
1847 3703 1984 3788 cogitari
2006 3708 2125 3790 potest,

311 3833 416 3898 qnam
439 3813 528 3898 quod
548 3812 789 3900 adulescentem
808 3835 940 3882 suarum
962 3817 1126 3882 rationum
1147 3817 1371 3900 neglegentem
1400 3816 1443 3882 ad
1464 3817 1565 3883 vitam
1582 3816 1776 3902 prudentius
1797 3814 1958 3900 agendam
1980 3815 2124 3884 excitati

317 3923 450 3992 Urbane
472 3924 558 3992 idem
578 3932 710 4005 narrat,
741 3947 814 3994 cum
843 3927 1042 3994 dubitaverit
1071 3927 1208 4008 inscius,
1238 3927 1317 4013 quid
1347 3934 1434 3996 esset
1460 3927 1541 3994 illud
1562 3928 1662 4010 καλός
1682 3953 1717 3998 rs
1739 3925 1906 4015 κάγαθός,
1934 3933 1971 3996 ut
1992 3929 2125 4012 quinam

317 4037 464 4104 homines
484 4058 522 4104 eo
547 4038 675 4104 nomine
699 4038 788 4125 digni
811 4045 920 4108 essent
940 4040 1158 4127 perspiceret,
1189 4060 1270 4124 quos
1301 4040 1569 4108 animadverterit
1593 4039 1763 4125 pulchros,
1794 4061 1850 4108 eos
1871 4059 1906 4108 se
1928 4039 2049 4108 adhaec
2070 4061 2126 4108 ex·

317 4149 507 4234 perientem,
530 4150 558 4216 si
581 4149 666 4216 forte
685 4149 868 4218 bonitatem
886 4151 1012 4218 videret
1025 4151 1262 4236 pulchritudini
1274 4153 1472 4220 adiunctam.
1516 4153 1636 4220 Verum
1656 4174 1722 4220 non
1744 4153 1792 4219 ita
1813 4174 1882 4220 rem
1904 4173 1940 4218 ae
1961 4151 2125 4234 habuisse,

317 4259 375 4328 sed
397 4261 568 4328 nonnullos
590 4261 675 4328 lucie
697 4262 854 4348 pulchros
877 4263 940 4330 sibi
962 4265 1049 4330 visos
1071 4285 1143 4332 esse
1172 4263 1347 4332 admodum
1377 4284 1482 4351 prava
1509 4272 1625 4334 mente.
1670 4265 1786 4350 Itaque
1808 4265 1979 4345 statuisse,
2006 4265 2127 4334 ommes

190 4395 194 4402 ·
317 4374 426 4458 specie
447 4373 586 4460 pulchra
606 4374 649 4441 ad
671 4376 817 4460 ipsorum
841 4375 983 4460 aliquem
1006 4397 1128 4457 eorum,
1150 4377 1269 4461 quibua
1290 4376 1373 4446 illud
1388 4397 1506 4444 nomen
1522 4383 1617 4457 esset,
1639 4378 1740 4446 adire.
1784 4377 1894 4457 Quid?
1915 4376 1998 4444 haec
2020 4398 2126 4446 nonne

319 4505 429 4552 veram
449 4485 594 4554 reddunt
614 4493 714 4572 atque
735 4487 936 4556 Platonicam
959 4488 1105 4557 Socratis
1126 4489 1325 4574 imaginem?

473 4598 542 4664 Nec
563 4619 640 4664 vero
662 4599 894 4667 lachomaehns
916 4605 950 4668 et
964 4601 1150 4670 Critobulus
1171 4601 1303 4685 ignotae
1325 4606 1384 4669 aur
1402 4601 1552 4687 vulgares
1575 4623 1735 4688 personae
1757 4607 1841 4672 sunt.
1886 4602 1994 4686 Atque
2016 4603 2125 4670 lecho-

318 4710 454 4778 maehus
483 4730 548 4795 quo
576 4716 792 4796 patronatus
819 4712 976 4797 cuiusque
1004 4714 1112 4782 tribus
1132 4713 1247 4796 inerit,
1277 4713 1403 4780 frustra
1424 4715 1609 4798 quaesitum
1639 4721 1698 4782 est
1742 4715 1793 4782 ab
1816 4713 1982 4795 omnibus,
2013 4719 2051 4782 ut
2079 4715 2127 4783 eit

318 4821 487 4900 Socrates,
520 4830 554 4890 et
574 4825 652 4890 viris
674 4831 708 4891 et
728 4823 856 4891 feminis
879 4830 913 4892 et
935 4825 1118 4911 hospitibus
1140 4831 1174 4892 et
1202 4824 1326 4892 civibus
1355 4825 1584 4914 appellabatur
1607 4824 1625 4898 ὁ
1643 4825 1847 4915 Ἰσχόμαχος,
1868 4823 1888 4896 ὁ
1908 4825 2009 4908 καλὸς
2027 4823 2126 4915 adya-

317 4935 389 5017 θόςθ
433 4934 566 5002 Patrem
586 4957 680 5002 suum
702 4936 774 5021 ipse
796 4936 845 5002 illi
865 4939 1012 5004 narravit
1033 4945 1169 5024 propter
1195 4937 1403 5006 sedulitatem
1425 4958 1656 5024 nonnunquam
1677 4939 1854 5006 fructuosis
1876 4939 1965 5024 agria
1987 4939 2127 5008 venditis

312 5047 448 5116 vsteriles
470 5049 586 5116 emisse
609 5047 894 5134 agriculture-eque
917 5049 1189 5117 studiosissimum
1211 5049 1311 5122 irrisae
1335 5049 1588 5119 Atheniensium.
1633 5052 1742 5132 Quare
1763 5051 1885 5137 fingere
1902 5051 2032 5118 omnino
2052 5073 2127 5138 per·

1899 5156 1917 5210 d
