4784 5720
451 1469 631 1564 Librorum
650 1494 907 1572 Socraticorum,
938 1495 993 1578 qui
1016 1493 1242 1578 Xenophontis
1262 1493 1391 1560 nomine
1415 1493 1581 1575 feruntur,
1611 1515 1651 1560 ea
1673 1499 1723 1560 est
1746 1493 1912 1574 condicio,
1942 1502 1980 1561 ut
2007 1519 2105 1582 quam

295 1607 351 1674 ille
381 1611 542 1677 rationem
570 1611 604 1675 in
633 1608 768 1692 singulis
798 1627 855 1672 seu
883 1603 1064 1672 scribendis
1093 1626 1151 1671 sen
1173 1605 1307 1672 edendis
1335 1614 1466 1673 secutus
1496 1608 1554 1686 sit,
1586 1627 1651 1672 non
1680 1607 1884 1690 exploratum
1914 1607 2104 1677 habeamus.

297 1721 380 1786 Nam
411 1721 638 1790 Memorabilia
668 1720 719 1785 vel
752 1718 983 1786 commentarii
1018 1725 1127 1784 utrum
1162 1717 1356 1784 defendendi
1388 1719 1533 1785 Socratis
1572 1739 1672 1784 causa
1699 1719 1869 1803 compositi
1903 1719 1968 1786 sint
1994 1743 2104 1803 necne,

297 1832 433 1900 diversis
455 1835 624 1902 sententiis
647 1831 832 1917 quaeritur,
862 1830 1097 1896 Oeconomicus
1127 1851 1187 1915 pro
1220 1831 1377 1914 singulari
1407 1829 1579 1898 habendus
1608 1829 1720 1897 libello
1751 1851 1792 1896 an
1823 1851 1895 1897 cum
1924 1835 2041 1901 ceteris
2072 1842 2105 1901 et

297 1945 459 2028 quomodo
494 1943 736 2029 coniungendus
766 1943 824 2022 sit,
854 1941 961 2009 adhuc
983 1943 1188 2028 disputatur,
1218 1941 1404 2009 Conuiuium
1429 1943 1590 2022 Socratis,
1619 1949 1657 2008 ut
1689 1949 1766 2008 sunt
1786 1941 1952 2010 hominum
1975 1945 2105 2028 iudicia,

296 2057 353 2122 alii
383 2057 511 2125 futilem
542 2064 575 2124 et
595 2057 759 2141 ineptum,
790 2055 846 2120 alii
869 2056 1033 2139 egregium
1058 2055 1193 2120 omnino
1218 2075 1288 2121 esse
1317 2053 1439 2122 librum
1468 2053 1680 2121 arbitrantur.
1725 2054 1839 2139 Neque
1868 2076 1979 2122 eorum
2003 2057 2105 2123 dialo-

296 2189 427 2252 gorum,
458 2172 514 2255 qni
544 2175 620 2235 sunt
646 2169 680 2234 in
704 2167 959 2246 Commentariis,
981 2167 1005 2232 ii
1028 2187 1088 2252 pro
1109 2167 1353 2252 Xenophonteis
1374 2166 1540 2234 habentur
1564 2187 1684 2245 omnes,
1708 2186 1789 2251 quos
1811 2167 1918 2252 ipsum
1941 2169 2103 2237 audivisse

297 2281 497 2367 adscriptum
519 2281 708 2347 invenimus.
753 2281 860 2360 Quare
884 2301 956 2345 cum
978 2279 1057 2345 mibi
1074 2279 1260 2363 quaerenti,
1285 2299 1349 2364 quo
1371 2285 1518 2364 tempore
1540 2278 1659 2363 singuli
1675 2276 1827 2363 deinceps
1848 2277 1925 2345 libri
1946 2279 2105 2348 Socratici

297 2415 317 2458 a
338 2393 554 2478 Xenophonte
576 2393 691 2478 scripti
714 2413 784 2458 esse
806 2391 987 2471 rideantur,
1010 2393 1148 2458 aliorum
1168 2391 1336 2457 sententiis
1360 2412 1425 2456 non
1447 2390 1651 2458 satisfactum
1673 2392 1727 2472 sit,
1754 2389 1832 2475 quid
1853 2391 1923 2475 ipse
1948 2391 1988 2457 de
2018 2391 2105 2460 illius

299 2512 332 2571 et
353 2505 461 2572 indole
484 2512 518 2573 et
539 2505 670 2590 scriptis
693 2505 840 2584 sentiam,
863 2503 1064 2589 aliquamdiu
1085 2503 1262 2570 meditatus
1284 2502 1428 2570 conabor
1451 2503 1684 2570 demonstrare.

1179 2845 1227 2928 Ι.

451 3065 763 3132 Commentariorum
785 3063 861 3131 libri
881 3065 978 3150 primi
1001 3065 1108 3149 capite
1129 3065 1235 3148 primo
1261 3063 1429 3148 alteroque
1457 3069 1490 3129 et
1511 3064 1610 3130 tertio
1633 3065 1681 3129 ita
1703 3085 1772 3129 rem
1793 3064 1972 3130 instituisse
1997 3064 2104 3132 Xeno-

296 3177 451 3262 phontem
473 3184 585 3244 notum
617 3183 681 3256 est,
710 3184 747 3244 ut
777 3183 945 3261 tamquam
968 3183 1126 3262 patronus
1150 3177 1295 3242 Socratis
1326 3175 1490 3242 exstitisse
1513 3196 1711 3260 causamque
1734 3176 1802 3241 eius
1826 3195 1923 3259 agere
1949 3176 2105 3244 adversus

296 3297 503 3357 accusatores
527 3289 685 3355 videatur.
730 3289 802 3354 Duo
821 3295 930 3354 autem
953 3289 983 3355 ei
1006 3290 1143 3355 crimina
1156 3287 1362 3354 dissolvenda
1375 3285 1516 3369 fuerunt,
1539 3289 1690 3372 primum,
1712 3287 1799 3372 quod
1822 3307 1903 3372 quos
1919 3287 2105 3374 respublica

296 3403 420 3468 coleret
441 3401 519 3468 deos
541 3401 694 3468 Socrates
715 3422 778 3467 non
804 3402 941 3481 coleret,
965 3403 1132 3481 alterum,'
1149 3399 1236 3485 quod
1258 3400 1344 3466 idem
1369 3400 1594 3466 adulescentes
1618 3407 1849 3484 corrumperet.
1895 3402 2105 3486 Quapropter

294 3514 372 3581 huic
393 3515 442 3581 rei
464 3534 597 3598 operam
621 3513 720 3594 dedit,
741 3519 779 3580 ut
801 3520 924 3599 quanta
945 3513 1000 3579 ille
1023 3533 1102 3597 erga
1124 3512 1202 3578 deos
1223 3513 1346 3597 pietate
1368 3511 1500 3593 fuisset,
1524 3519 1725 3598 quantopere
1748 3519 1781 3578 et
1804 3533 1902 3597 quam
1924 3513 2007 3579 bene
2030 3535 2103 3581 cum

295 3627 406 3693 multis
434 3625 679 3692 Atheniensium
709 3633 780 3691 tum
808 3626 857 3692 rei
878 3623 1029 3710 publicae
1060 3623 1290 3704 consuluisset,
1321 3625 1521 3709 argumentis
1544 3624 1641 3690 certis
1664 3625 1912 3690 demonstraret.
1958 3625 2103 3710 Cumque

296 3738 485 3824 Polycrates
506 3737 662 3823 sophista,
684 3744 722 3804 ut
742 3737 886 3816 videtur,
907 3758 949 3803 ne
971 3735 1177 3803 condemnati
1201 3735 1334 3821 quidem
1353 3743 1454 3821 atque
1474 3737 1638 3802 interfecti
1662 3737 1808 3803 Socratis
1829 3739 2006 3803 memoriae
2027 3759 2103 3823 par·

296 3849 433 3917 cendum
456 3871 527 3918 esse
549 3856 642 3916 ratus
665 3851 734 3916 eius
756 3849 953 3916 ostendisset
969 3848 1201 3915 consuetudine
1224 3855 1258 3914 et
1280 3847 1436 3915 doctrinis
1456 3847 1590 3915 Critiam
1614 3855 1648 3914 et
1662 3848 1873 3930 Alcibiadem,
1895 3849 2103 3935 popularium

294 3963 451 4042 inimicos,
474 3966 646 4046 corruptos
670 3982 750 4044 esse,
771 3983 812 4027 ne
837 3983 892 4028 eos
915 3961 1044 4046 quidem
1065 3967 1225 4046 patronus
1248 3966 1400 4027 strenuus
1417 3960 1595 4027 concedere
1617 3959 1729 4042 voluit,
1752 3970 1928 4047 antequam
1951 3985 2023 4028 cum
2046 3956 2103 4029 illo

208 4135 210 4142 .
294 4073 402 4140 vivere
434 4075 622 4154 desiissent,
651 4075 848 4159 depravatos
879 4095 899 4140 a
929 4073 1016 4141 bona
1046 4074 1173 4139 ratione
1204 4072 1400 4138 discessisse.
1455 4071 1515 4139 His
1545 4074 1644 4140 rebus
1672 4075 1828 4159 expositis
1858 4075 1984 4141 censuit
2012 4073 2103 4141 illum

294 4186 418 4252 bonore
440 4187 549 4272 potius
572 4185 659 4252 affici
687 4187 859 4252 acivitate
882 4207 979 4271 quam
1009 4193 1114 4252 morte
1136 4184 1269 4251 multari
1292 4183 1452 4251 debuisse.
1498 4187 1545 4250 Ac
1571 4206 1612 4251 ne
1632 4185 1685 4250 cni
1706 4207 1781 4252 reus
1804 4207 1919 4272 parum
1942 4195 2103 4272 purgatus
2174 4211 2177 4220 ¹

295 4298 461 4365 rideretur
481 4317 521 4365 ea
543 4319 595 4379 re,
617 4297 704 4383 quod
726 4299 846 4364 nemini
868 4297 1049 4378 nocuisset,
1078 4297 1177 4364 etiam
1198 4293 1360 4381 profuisse
1384 4317 1456 4362 eum
1480 4295 1608 4362 addidit
1629 4297 1845 4364 familiaribus
1868 4297 1952 4378 suis,
1982 4301 2102 4384 partim

294 4432 330 4477 re
352 4417 456 4477 semet
475 4411 582 4496 ipsum
605 4409 711 4495 qualis
741 4417 827 4476 esset
847 4415 1099 4490 monstrantem,
1129 4409 1249 4493 partim
1273 4428 1345 4474 cum
1377 4409 1450 4475 aliis
1479 4409 1717 4495 colloquentem
1747 4401 1880 4495 (Comm.
1903 4412 1923 4500 l.
1949 4409 1966 4477 1
1988 4431 2058 4496 cap.
2083 4417 2101 4478 3

293 4525 342 4610 §1
371 4519 469 4603 ὡςδὲ
492 4521 536 4609 δὴ
556 4523 612 4590 καὶ
637 4518 778 4608 ὠφελεῖν
801 4521 909 4593 ἐδόκει
930 4549 987 4611 μοι
1009 4521 1088 4602 τοὺς
1110 4519 1274 4601 συνόντας
1297 4519 1422 4609 τὰμὲν
1446 4521 1531 4614 ἔργῳ
1555 4521 1722 4591 δεικνύων
1744 4519 1866 4591 ἑαυτὸν
1888 4519 1959 4604 οἶος
1983 4513 2036 4611 ἦν,
2059 4523 2100 4591 τὰ

294 4635 330 4704 di
352 4635 408 4702 καὶ
430 4633 680 4722 διαλεγόμενος,
710 4633 842 4703 τούτων
863 4631 908 4721 δὴ
927 4633 1046 4722 γράψω
1069 4629 1176 4704 ὁπόσα
1199 4629 1242 4700 ἂν
1264 4632 1564 4721 διαμνημονεύσω).
1610 4635 1700 4714 Quae
1729 4654 1801 4699 cum
1828 4631 1876 4700 ita
1898 4635 1971 4713 sint,
1994 4635 2101 4701 Xeno·

293 4746 464 4831 phontem,
495 4745 623 4812 etiamsi
646 4751 770 4830 quanta
799 4765 962 4831 quamque
991 4745 1101 4811 divina
1131 4745 1283 4811 Socrates
1313 4743 1413 4811 fuerit
1441 4747 1603 4831 sapientia
1635 4745 1809 4831 cogitando
1837 4767 1901 4812 non
1932 4753 2102 4812 assecutus

293 4877 401 4924 mores
421 4857 570 4941 magistri
594 4856 780 4924 describere
801 4877 899 4943 quam
920 4857 1084 4943 ingenium
1106 4855 1271 4922 illustrare
1293 4857 1441 4943 paratior
1463 4857 1593 4925 ridetur
1613 4858 1744 4943 patroni
1765 4844 1881 4925 munus
1897 4851 2101 4943 suscepisse,

294 4969 338 5036 ad
360 4989 491 5036 causam
514 4975 623 5035 tomen
646 4989 728 5050 eam,
752 4989 849 5054 quam
872 4989 964 5036 suam
988 4967 1100 5054 aliqua
1122 4975 1275 5054 exparte
1297 4988 1368 5035 esse
1392 4969 1608 5050 existimaret,
1642 4969 1800 5055 agendam
1822 4971 2101 5056 promptissimum

294 5081 397 5148 fuisse
420 5088 569 5166 apparet.
613 5077 736 5162 Quodsi
757 5079 971 5166 colloquendo
993 5079 1084 5148 illum
1106 5081 1261 5153 meminit,
1273 5080 1331 5161 iis,
1355 5081 1411 5166 qni
1433 5101 1506 5148 cum
1527 5101 1565 5148 eo
1590 5088 1708 5160 essent,
1736 5081 1915 5167 proluisse,
1945 5083 1979 5149 id
2003 5102 2102 5168 quae·
