4784 5720
1170 191 1218 266 15

288 399 468 476 contineat,
494 418 554 482 per
585 396 719 480 aliquod
746 396 905 481 temporis
934 397 1076 481 spatium
1099 394 1280 480 Xenophon
1310 395 1439 480 placide
1473 397 1660 462 elaborasse
1690 397 1925 464 existimandus
1949 403 2008 464 est.
2058 399 2106 463 Dc

288 509 424 594 singulis
445 509 598 592 deinceps
620 507 934 574 Commentariorum
957 509 1184 594 Symposiique
1208 507 1346 592 dialogis
1367 528 1433 573 non
1454 508 1579 588 habeo,
1602 508 1689 592 quod
1710 508 1844 592 liqueat.
1890 509 2011 589 Quidni
2033 531 2104 576 cre·

289 622 413 698 damus,
435 621 648 705 perlongum
671 620 758 687 ritae
780 626 910 706 tempus
934 619 991 699 illi,
1015 627 1048 686 et
1071 621 1293 686 reminiscenti
1315 619 1379 704 ipsi
1401 626 1435 685 et
1455 620 1601 686 Platonis
1626 619 1829 705 aliorumque
1852 620 1904 686 rel
1926 621 2104 706 discipulo·

288 756 361 799 rum
384 733 528 799 Socratis
552 733 604 797 vel
625 731 889 798 adversariorum
911 732 1037 817 scripta
1057 732 1189 817 legenti,
1212 753 1277 797 non
1298 752 1406 815 pauca
1428 733 1524 816 quasi
1543 733 1724 798 revixisse?
1770 733 1813 798 At
1833 733 1904 799 iure
1927 733 1962 798 F.
1987 734 2102 800 Ranke

288 845 425 910 miratus
449 850 508 922 est,
531 844 631 910 semel
653 864 727 910 eum
750 843 1010 928 colloquentibus
1033 865 1067 910 se
1091 843 1256 910 addidisse
1278 833 1339 909 nec
1359 865 1453 910 suum
1474 845 1680 928 potissimum
1703 865 1775 910 cum
1791 844 1927 911 Socrate
1943 866 2101 912 commer-

288 957 374 1022 cium
396 955 609 1040 descripsisse
631 956 688 1022 sed
711 962 836 1022 mutum
860 956 982 1040 ubique
1013 963 1047 1022 et
1075 955 1259 1023 auditorem
1286 955 1383 1021 modo
1414 957 1618 1022 sermonibus
1647 955 1796 1036 affuisse,
1826 979 1932 1042 neque
1963 958 2006 1023 ab
2030 958 2105 1024 eliis

289 1067 519 1152 scriptoribus,
547 1069 604 1151 qui
631 1067 816 1134 Socraticos
839 1088 1004 1134 sermones
1026 1068 1204 1148 ediderint,
1236 1088 1334 1154 saepe
1362 1069 1432 1134 eius
1462 1069 1660 1135 mentionem
1684 1067 1764 1134 ficri.
1810 1069 1978 1149 Quaedam
2002 1070 2102 1136 etiam

289 1179 394 1245 libere
416 1179 645 1263 vituperantur
666 1178 708 1246 ab
733 1179 910 1246 Athenaeo.
954 1179 1023 1245 Nec
1052 1200 1125 1246 sero
1156 1200 1229 1246 oum
1260 1180 1302 1246 ad
1329 1180 1396 1245 alia
1415 1181 1520 1246 multa
1541 1187 1641 1265 atque
1663 1179 1800 1260 diversa,
1825 1201 1910 1264 quae
1932 1182 2102 1262 scriberet,

287 1297 357 1358 tum
377 1291 420 1356 ad
446 1291 481 1356 id
511 1312 593 1377 opus
619 1290 824 1358 efficiendum
847 1313 882 1357 se
905 1292 1080 1371 convertit,
1115 1292 1203 1376 quod
1227 1292 1303 1358 dum
1324 1292 1358 1357 in
1379 1293 1531 1359 manibus
1552 1292 1686 1372 habuit,
1715 1292 1757 1357 de
1783 1292 1928 1360 Socratis
1951 1293 2103 1360 doctrina

289 1409 323 1470 et
342 1383 488 1469 moribus
512 1405 656 1488 cogitare
678 1424 743 1469 non
765 1403 877 1482 desiit,
907 1403 1028 1470 librum
1057 1403 1131 1470 dico
1154 1405 1210 1489 qui
1231 1404 1423 1470 inscribitur
1446 1403 1566 1490 Κύρου
1588 1408 1731 1474 παιδεία.
1777 1405 1868 1483 Quae
1900 1406 1984 1471 enim
2014 1405 2102 1471 illius

288 1514 474 1600 philosophi
494 1521 672 1600 praecepta
690 1517 882 1599 gravissima
903 1536 974 1581 esee
996 1515 1167 1592 iudicaret,
1188 1517 1221 1581 in
1242 1517 1339 1583 huius
1369 1517 1462 1582 ducis
1484 1521 1585 1600 etque
1614 1517 1822 1600 imperatoris
1851 1517 1959 1601 effigie
1988 1516 2101 1601 depin-

288 1626 413 1709 genda,
436 1633 594 1709 quantum
616 1625 689 1692 fieri
706 1632 854 1710 poterat,
886 1633 1111 1693 consummata
1135 1636 1168 1694 et
1190 1629 1284 1712 quasi
1306 1629 1379 1694 riva
1400 1627 1552 1694 reddidit.
1597 1629 1713 1713 Itaque
1735 1628 1860 1694 factum
1882 1629 2040 1713 suspicor,
2064 1635 2102 1694 ut

287 1757 359 1803 rem
379 1737 567 1804 incohatam
588 1759 653 1804 non
675 1739 860 1804 absolverit.
