4784 5720
1079 205 1337 317 „Ed-.-

297 411 395 475 modo
424 410 531 475 iactus
559 409 622 474 hoc
649 409 722 473 loco
752 415 802 474 est
831 429 851 473 a
880 411 986 494 prima
1014 407 1327 474 Commentariorum
1356 415 1452 492 parte
1483 410 1526 475 ad
1552 411 1727 487 maiorem,
1758 430 1939 492 quaecum
1970 432 2009 476 ea
2039 433 2115 478 con-

297 523 411 588 iuncta
441 529 506 600 est,
545 521 603 586 sed
638 521 746 586 factus
783 528 833 586 est
870 529 902 587 et
939 543 1048 586 rerum
1078 527 1155 585 ante
1180 526 1363 586 tractorum
1391 523 1585 605 repetitione
1614 521 1731 586 vitiosa
1759 523 1790 607 (ξ
1815 528 1853 588 15
1876 523 1952 608 περί
1981 525 2043 610 μέν
2072 525 2116 612 δὴ

255 699 263 708 .
299 634 455 721 βρώσεως
490 635 546 702 καί
583 631 712 712 πόσεως
741 635 797 701 καί
829 630 1041 718 ἀφροδισίων
1071 629 1161 700 οὕτω
1187 634 1497 719 παρεσκευασμένος
1520 624 1577 721 ἦν,
1608 635 1665 702 καὶ
1695 629 1778 724 ᾤετο
1806 630 1908 702 οὐδέν
1937 633 1981 702 διν
2012 627 2115 723 ίγττνν

298 744 495 833 ἀρκούντως
529 743 670 832 ἥδεσθαι
699 754 770 814 τῶν
806 745 911 813 πολλὰ
942 745 995 812 ἐπὶ
1025 742 1158 824 τούτοις
1186 743 1531 831 πραγματευομένων,
1560 753 1742 813 λυπεῖσθαι
1772 748 1807 814 δὲ
1834 745 1923 814 πολὺ
1953 748 2113 834 ἔλαττον),

299 859 339 924 de
364 880 429 943 qua
447 863 514 924 stat
536 857 679 922 virorum
701 858 873 923 doctorum
895 856 1074 934 sententia,
1105 861 1138 921 et
1166 875 1248 921 novo
1280 856 1414 922 exordio
1436 857 1610 923 verborum
1641 858 1737 941 pleno
1761 879 1822 923 nec
1844 858 1886 923 ab
1910 861 1996 924 omni
2018 867 2114 944 parte

298 971 472 1055 perspicuo
494 970 557 1036 hoc
578 971 662 1055 (cap.
684 976 705 1034 4
726 972 744 1055 ᾗ
767 971 815 1051 ll:
846 972 889 1036 El
919 969 955 1037 δέ
984 993 1072 1047 τινες
1103 966 1290 1055 Σωκράτην
1319 973 1532 1055 νομίζουσιν,
1567 967 1609 1050 ὡς
1631 971 1715 1036 ένιοι
1736 968 1908 1056 γράφουσί
1929 996 1964 1038 τε
1986 973 2042 1039 καί
2065 973 2114 1040 λέ-

298 1101 397 1170 γουσι
423 1085 499 1168 περὶ
521 1079 630 1151 αὐτοῦ
650 1080 913 1169 τεκμαιρόμενοι,
934 1079 1189 1165 προτρέψασθαι
1209 1081 1272 1165 μὲν
1293 1077 1500 1166 ἀνθρώπους
1522 1077 1568 1149 ἐπ’
1593 1078 1717 1167 ἀρετὴν
1735 1081 1914 1167 κράτιστον
1929 1085 2114 1169 γεγονέναι,

298 1205 505 1281 προαγαγεῖν
527 1190 554 1262 δ’
581 1191 627 1261 ἔπ’
653 1189 761 1281 αὐτὴν
783 1189 844 1278 οὐχ
867 1191 1001 1272 ἱκανόν,
1032 1192 1233 1278 σκεψάμενοι
1260 1190 1306 1278 μὴ
1334 1191 1442 1279 μόνον
1471 1190 1492 1260 ἃ
1519 1193 1645 1274 ἐκεῖνος
1666 1199 1892 1281 κολαστηρίου
1914 1195 2011 1262 ἕνεκα
2033 1194 2114 1276 τοὺς

298 1287 390 1373 πάντ’
417 1306 593 1392 οἰομένους
615 1306 738 1372 εἰδέναι
760 1305 896 1390 ἐρωτῶν
910 1301 1056 1391 ἤλεγχεν,
1078 1300 1161 1370 ἀλλά
1181 1305 1238 1371 καὶ
1260 1300 1280 1370 ά
1303 1303 1410 1390 λέγων
1429 1306 1633 1392 συνημέρευε
1657 1314 1727 1385 τοῖς
1750 1309 2034 1392 συνδιατρίβουσι,
2060 1313 2113 1375 δο-

298 1417 506 1504 κιμαζόντων
528 1420 557 1485 εί
578 1415 693 1497 ἱκανὸς
717 1405 759 1504 ἦν
781 1421 933 1502 βελτίους
955 1425 1066 1483 ποιεῖν
1085 1412 1165 1495 τοὺς
1185 1413 1369 1497 συνόντας,
1400 1437 1484 1499 quae
1506 1417 1607 1482 verba
1628 1418 1752 1501 scripta
1774 1423 1865 1496 sunt,
1896 1426 2069 1504 postquam
2093 1441 2113 1484 a

300 1529 520 1612 compluribus
551 1529 591 1594 de
619 1529 754 1595 Socrate
783 1549 848 1594 non
878 1528 982 1594 solum
1006 1527 1167 1612 disputari
1190 1527 1248 1593 sed
1270 1528 1369 1593 etiam
1391 1527 1512 1593 litteris
1534 1530 1655 1593 certari
1683 1537 1832 1614 coeptum
1856 1537 1921 1610 est,
1947 1531 1988 1595 ad
2011 1553 2113 1616 oppu-

299 1641 445 1723 gnandas
467 1648 501 1707 et
522 1641 714 1706 refutandas
735 1641 903 1724 opiniones
924 1647 957 1705 et
978 1639 1183 1704 coniecturas
1206 1640 1410 1722 quorundam
1434 1639 1696 1706 adversariorum
1720 1641 1774 1725 (cf.
1795 1642 1944 1707 Schneid.
1968 1642 2010 1708 ad
2032 1644 2063 1708 h.
2081 1644 2112 1723 l.,

298 1752 412 1832 Zeller,
433 1753 491 1832 H3,
516 1760 543 1832 l,
565 1756 630 1836 88).

454 1867 601 1950 Apparet
631 1887 695 1930 uon
725 1864 950 1949 Xenophontis
980 1863 1076 1948 culpa
1104 1863 1229 1928 factum
1264 1883 1350 1942 esse,
1381 1867 1420 1928 ut
1449 1863 1518 1929 eius
1544 1863 1690 1929 defensio
1722 1864 1866 1930 Socratis
1895 1873 1927 1931 et
1959 1868 2014 1950 qui
2045 1868 2110 1932 iam

299 1983 480 2060 sequuntur
502 1977 623 2062 dialogi
648 1977 807 2042 Socratici
831 1977 916 2042 hanc
940 1976 1085 2042 habeant
1115 1976 1371 2041 commissuram.
1416 1974 1529 2059 Neque
1559 1976 1593 2041 id
1622 1975 1671 2040 illi
1701 1969 1909 2042 tribuendum
1933 1985 1999 2057 est,
2026 1979 2111 2062 quod

299 2088 451 2154 Socrates
481 2095 557 2174 post
586 2089 744 2155 Critobuli
776 2089 1113 2154 commemorationem
1137 2109 1302 2153 sermones
1331 2108 1441 2152 serens
1463 2087 1630 2152 inducitur
1649 2109 1722 2152 cum
1745 2089 1951 2155 Aristodemo
1974 2090 2111 2180 aliisque

299 2207 357 2266 ant
381 2202 571 2266 continuans
604 2201 691 2285 apud
718 2202 828 2265 nescio
859 2220 940 2282 quos
965 2199 1006 2264 de
1035 2201 1262 2283 temperantia.
1308 2199 1431 2264 Volunt
1460 2199 1593 2282 quidam
1617 2205 1689 2277 aut,
1721 2201 1832 2265 eiectis
1855 2221 1925 2284 cap.
1948 2208 1969 2266 4
1993 2205 2010 2288 ᾗ
2036 2209 2050 2265 1
2081 2209 2114 2268 et

299 2312 397 2378 verbo
428 2321 564 2398 πρῶτον
593 2314 765 2397 (scriptum
793 2313 878 2376 enim
909 2318 959 2376 est
988 2313 1047 2397 §2
1079 2311 1160 2392 λέξω
1192 2313 1227 2380 δὲ
1258 2320 1395 2397 πρῶτον
1425 2309 1447 2377 ά
1476 2336 1556 2379 ποτε
1586 2308 1714 2398 ἤκουσα
1742 2309 1851 2380 αὐτοῦ
1878 2315 1977 2395 κτλ),
2014 2323 2114 2400 caput

299 2432 452 2508 quartum
475 2445 548 2488 cnm
571 2425 660 2489 tertii
681 2432 777 2508 parte
799 2425 906 2508 prima
928 2428 996 2502 aut,
1019 2424 1122 2488 eiecto
1146 2429 1264 2506 quarto
1287 2423 1337 2488 vel
1360 2429 1479 2506 quarto
1503 2428 1537 2488 et
1559 2423 1683 2506 quinto,
1707 2445 1781 2488 cum
1802 2425 1899 2489 tertio
1917 2427 2112 2510 coniungere

299 2537 447 2620 quintum
476 2536 528 2602 vel
557 2541 700 2614 sextum,
729 2537 821 2602 cuius
850 2541 960 2600 tamen
988 2535 1095 2619 prima
1118 2535 1220 2600 verba
1245 2532 1349 2616 Ἄξιον
1381 2530 1409 2602 δ’
1440 2531 1548 2603 αὐτοῦ
1576 2537 1632 2602 καί
1661 2532 1683 2602 ά
1712 2535 1796 2620 πρὸς
1815 2533 2020 2622 Ἀντιφῶντα
2052 2538 2113 2608 τὸν

299 2647 466 2736 σοφιστὴν
487 2649 641 2735 διελέχθη
663 2647 709 2735 μὴ
732 2655 931 2733 παραλιπεῖν
961 2651 1037 2730 post
1069 2652 1274 2712 enumeratos
1297 2647 1423 2729 aliquot
1446 2646 1594 2732 dialogos
1616 2648 1725 2731 aptius
1748 2648 1827 2712 mihi
1843 2648 1994 2715 videntur
2014 2651 2111 2716 collo·

298 2760 403 2826 canda
426 2782 505 2826 esse.
550 2761 620 2844 Ego
645 2766 753 2824 autem
776 2761 823 2824 sic
847 2760 1015 2824 existimo:
1049 2757 1230 2843 Xenophon
1251 2759 1391 2843 primum
1414 2760 1546 2842 scripsit
1569 2780 1657 2839 eam,
1682 2781 1766 2843 quae
1793 2760 1888 2826 nobis
1910 2761 2034 2826 tradita
2060 2768 2110 2827 est

298 2894 375 2956 pars
398 2873 504 2957 prima
528 2873 856 2950 Commentariorum,
881 2871 1025 2936 Socratis
1056 2871 1240 2955 apologiam
1263 2893 1335 2936 oum
1358 2873 1664 2936 commemoratione
1687 2871 1847 2938 Critobuli
1878 2877 1977 2956 atque
2006 2875 2112 2939 maius

213 3003 216 3010 ’
299 2985 442 3050 eiusdem
460 3006 532 3050 cum
550 2985 685 3050 Socrate
704 2983 910 3066 colloquium.
955 2982 1117 3066 Cogitavit
1133 2983 1193 3061 his,
1213 2982 1240 3046 si
1256 2983 1416 3048 rationem
1431 2983 1591 3048 habemus
1608 2983 1814 3048 Oeconomici
1832 2985 1978 3065 extremi,
1996 2987 2112 3051 deinde

285 3095 365 3190 ¹alia
389 3097 524 3176 addere,
555 3117 768 3181 quaecunque
799 3095 957 3160 memoria
986 3094 1131 3160 Socratis
1159 3093 1258 3177 digna
1288 3095 1316 3158 ei
1347 3095 1544 3160 viderentur.
1591 3094 1655 3160 Sed
1686 3093 1870 3179 apologiam
1900 3118 2006 3180 neque
2038 3117 2111 3182 per-

298 3209 475 3294 polivit-
498 3210 656 3293 scriptum
679 3208 763 3273 enim
785 3206 922 3291 legimus
943 3213 1013 3272 tum
1037 3209 1070 3274 οί
1091 3204 1302 3292 γραψάμενοι
1324 3205 1507 3294 Σωκράτη,
1529 3213 1599 3273 tum
1623 3205 1637 3276 ί
1664 3205 1864 3294 κατήγορος,
1888 3228 1952 3273 non
1976 3207 1994 3277 ὁ
2014 3212 2112 3297 κατή-

298 3320 398 3405 γορός
428 3339 533 3409 φησιν
561 3321 618 3386 sed
647 3321 753 3386 sexies
777 3321 842 3407 ἔφη
874 3317 1114 3406 δκατήγορος,
1146 3322 1258 3402 capa
1289 3317 1367 3402 §26
1400 3315 1417 3384 ὁ
1447 3317 1634 3406 κατήγορος
1662 3323 1821 3398 αἰτιᾶται,
1852 3319 1964 3402 qualia
1992 3322 2111 3386 menda

298 3433 547 3517 Xenophontem
569 3435 693 3517 opinor,
725 3432 751 3496 si
774 3431 893 3497 librum
919 3431 1015 3497 edere
1037 3430 1267 3506 constituisset,
1290 3435 1328 3493 ut
1351 3435 1423 3493 erat
1443 3428 1724 3513 diligentissimos,
1754 3437 1977 3496 correcturum
2007 3431 2108 3498 fuisse

298 3583 340 3596 —
362 3567 467 3630 neque
490 3565 631 3629 unquam
655 3546 763 3628 potuit
789 3545 858 3627 ipse
887 3544 1120 3627 interpolatam
1152 3541 1382 3606 additamentis
1410 3541 1530 3624 ineptis
1560 3546 1593 3606 et
1620 3543 1846 3625 perturbatam
1875 3543 1928 3625 (cf.
1959 3542 2110 3608 editionis

298 3659 491 3722 novissimae
519 3656 765 3721 Teubnerianae
795 3656 897 3740 praef.
928 3655 1013 3738 crit.)
1050 3654 1147 3719 edere
1178 3660 1237 3718 aut
1266 3652 1514 3718 Oeconomicum
1546 3653 1619 3718 loco
1650 3661 1773 3722 motum
1803 3654 2110 3738 interpolationibus
2174 3689 2178 3694 ·

298 3769 481 3834 deformare
505 3774 605 3852 atque
628 3768 709 3833 alios
732 3774 905 3832 annectere
921 3765 1043 3853 λόγους
1067 3763 1312 3851 Σωκρατικούς.
1357 3764 1437 3830 Post
1459 3767 1632 3830 transitum
1656 3766 1698 3831 ab
1723 3766 1875 3850 apologia
1898 3765 1939 3829 ad
1962 3765 2109 3854 ἀπομνη-

297 3879 490 3967 μονεύματα
512 3880 637 3946 factum
660 3901 712 3946 res
734 3879 828 3944 nobis
851 3886 901 3944 est
924 3901 996 3943 oum
1021 3878 1130 3960 aliquo
1153 3875 1278 3942 sollerti
1300 3877 1443 3958 homine,
1468 3877 1677 3962 Xenophonti
1699 3878 1838 3943 sortasse
1862 3877 2032 3957 familiari,
2055 3879 2111 3960 qui

296 4000 372 4077 post
392 3992 479 4057 illius
496 3998 647 4071 mortem,
673 3991 832 4076 quidquid
850 3990 1004 4069 habebat,
1028 3989 1167 4073 collegit,
1192 3989 1359 4073 disposuit,
1382 3989 1557 4054 adauctum
1572 3989 1683 4069 edidit,
1706 3995 1752 4068 ut,
1775 3988 1854 4072 quid
1881 3988 2009 4068 abhoc,
2032 3989 2111 4072 quid

298 4104 573 4188 aXenophontc,
603 4104 732 4168 homine
756 4103 875 4180 sobrio,
898 4104 1056 4187 scriptum
1080 4123 1151 4167 esse
1173 4103 1339 4180 videatur,
1362 4100 1494 4165 difficile
1518 4102 1561 4166 sit
1584 4101 1627 4166 ad
1649 4099 1905 4166 discernendum.
1951 4099 2026 4164 Nec
2041 4102 2110 4166 sine

297 4217 408 4299 aliqua
431 4217 629 4299 cogitatione
659 4215 787 4280 videtur
815 4215 859 4292 ia,
892 4215 955 4298 qui
976 4213 1095 4281 librum
1127 4214 1282 4293 absolvit,
1313 4214 1480 4279 Socratem
1511 4219 1544 4278 et
1572 4214 1679 4298 primo
1712 4219 1746 4278 et
1767 4219 1932 4296 postremo
1954 4213 2110 4278 inducere

297 4328 438 4393 voluisse
461 4334 494 4393 et
517 4327 557 4392 de
581 4327 715 4392 deornm
737 4334 856 4392 natura
879 4332 911 4391 et
935 4326 975 4391 de
997 4327 1216 4410 temperantia
1230 4325 1417 4409 loquentem
1436 4345 1508 4390 eum
1525 4325 1729 4391 Aristodemo
1748 4324 1781 4408 (Ἰ.
1803 4325 1818 4389 Ι
1838 4344 1908 4408 cap.
1926 4331 1946 4388 4
1967 4331 2002 4390 et
2023 4327 2055 4409 ὁ)
2078 4331 2111 4390 et

297 4461 370 4505 cum
393 4439 597 4525 Euthydemo
620 4437 653 4523 (l.
674 4438 718 4502 IV
742 4443 843 4522 capt
863 4443 896 4503 et
909 4440 951 4522 5).
996 4439 1104 4518 Quare
1127 4439 1207 4514 ista,
1231 4439 1378 4520 quamvis
1399 4437 1575 4516 incondita,
1597 4436 1756 4502 movenda
1777 4458 1841 4502 non
1862 4457 1933 4502 esse
1956 4436 2109 4502 arbitror.

451 4551 601 4634 Aliquem
630 4550 731 4633 igitur
759 4550 921 4615 hominem
953 4570 1072 4616 navum
1109 4555 1143 4616 et
1175 4548 1371 4615 industrium
1405 4571 1444 4614 ac
1480 4551 1619 4614 tortasse
1649 4549 1868 4632 propinquum
1897 4547 2105 4631 Xenophonti

296 4685 388 4728 suam
412 4683 545 4748 operam
576 4662 610 4727 in
640 4661 774 4727 edendis
803 4660 896 4726 libris
928 4661 1103 4727 Socraticis
1125 4661 1329 4744 praestitisse
1354 4662 1512 4726 existimo.
1557 4661 1656 4727 Cuius
1686 4681 1760 4725 cnm
1789 4680 1844 4738 ea,
1871 4680 1956 4742 quae
1987 4658 2042 4724 ille
2070 4659 2110 4724 de

296 4777 432 4840 Socrate
466 4775 590 4858 scripta
619 4772 821 4858 reliquisset,
853 4773 961 4856 colligi
984 4772 1187 4856 collectaque
1210 4773 1318 4838 omnia
1348 4779 1382 4837 et
1411 4779 1508 4838 aucta
1534 4775 1588 4839 edi
1604 4774 1679 4858 plus
1701 4774 1891 4850 interesset,
1920 4791 2017 4853 qnam
2044 4792 2111 4854 qua

294 4887 435 4953 maxime
458 4887 586 4952 ratione
610 4885 763 4951 Socrates
787 4883 954 4949 videretur
975 4883 1115 4963 defendi,
1138 4883 1267 4948 facilius
1291 4885 1448 4949 committi
1465 4885 1641 4969 aliquando
1663 4883 1780 4968 potuit,
1803 4889 1841 4948 ut
1864 4888 1897 4948 et
1919 4883 1957 4964 is,
1982 4883 2022 4947 de
2045 4904 2109 4967 quo

296 4999 477 5083 Xenophon
499 4999 717 5082 cogitaverat,
746 4995 826 5061 ordo
848 4995 1076 5078 neglegeretur
1099 5001 1158 5061 aut
1179 5000 1376 5074 mutaretur,
1409 5002 1442 5061 et
1465 4996 1750 5076 documentorum,
1773 5015 1857 5079 quae
1879 4994 1997 5061 idonea
2022 4995 2110 5061 vide·

1885 5103 1903 5152 4
