4784 5720
1173 277 1196 350 9

283 480 478 546 auctoritate
502 501 562 546 sua
584 480 782 564 permovisse
805 481 941 558 dicitur,
963 486 1000 545 ut
1023 501 1157 566 operam
1178 501 1271 546 suam
1294 481 1385 546 diviti
1407 479 1505 547 alicui
1526 480 1650 547 homini
1672 480 1822 547 mercede
1841 481 1967 547 locaret
1988 481 2090 546 vitae-

282 612 345 676 que
367 611 469 676 geuus
490 591 651 658 illiberale
669 591 751 658 illud
772 592 913 676 quidem,
938 591 996 658 sed
1019 593 1122 658 aetati
1142 613 1181 657 oe
1204 590 1328 658 viribus
1349 593 1631 659 accommodatum
1651 592 1794 676 eligeret.

434 703 503 769 Nee
523 704 609 770 ratio
630 724 695 769 non
717 703 833 770 habita
854 711 905 770 est
924 704 1139 790 Lamproolis‚
1169 704 1314 770 Socratis
1341 703 1400 770 filii
1430 707 1563 790 (Comm.
1590 705 1610 770 l.
1630 705 1661 770 II
1684 725 1754 790 cap.
1780 707 1823 788 2),
1847 711 1880 770 et
1903 705 2088 786 Glauconis,

283 816 444 882 Aristonis
464 813 533 894 filii,
556 815 669 882 fratris
692 815 838 882 Platonis
868 815 902 902 (l.
924 816 972 882 111
994 837 1064 901 cap.
1089 815 1132 898 6).
1178 818 1286 900 Atque
1308 815 1399 882 illum
1426 817 1523 882 matri
1546 816 1690 902 graviter
1712 822 1971 896 succensentem,
2002 815 2090 901 quod

280 928 385 994 minus
415 929 514 994 etiam
545 949 643 1012 quam
672 927 779 994 bestia
806 932 943 1014 propter
971 928 1136 994 feritatem
1166 927 1302 994 tolerari
1335 935 1447 1013 posset
1468 928 1655 1012 diceretque
1678 947 1763 1012 quae
1785 931 1839 994 rix
1862 929 2033 1013 quisquam
2055 932 2090 994 in

280 1046 352 1106 tota
373 1041 441 1105 vita
463 1039 562 1106 vellet
583 1039 707 1120 audire,
730 1047 867 1125 epatre
889 1039 1056 1124 placatum
1079 1047 1112 1106 et
1132 1039 1334 1106 admonitum
1357 1060 1437 1120 esse,
1460 1039 1547 1106 hunc
1568 1046 1690 1120 antem,
1715 1061 1787 1106 cum
1810 1039 1952 1106 nondum
1975 1021 2090 1107 vicesi-

282 1173 368 1217 mum
390 1172 510 1217 annum
533 1158 661 1236 ageret,
692 1157 864 1218 conantem
893 1155 1098 1240 δημηγορεῖν
1126 1157 1159 1217 et
1188 1152 1372 1237 cupientem
1400 1151 1640 1239 προστατεύειν
1669 1159 1728 1239 τῆς
1756 1151 1883 1232 πόλεως
1914 1173 1953 1218 ac
1981 1152 2088 1220 laudis

282 1263 478 1349 honorisque
501 1264 682 1348 cupiditate
703 1263 873 1330 ardentem
894 1264 994 1342 adeo,
1025 1269 1062 1331 ut
1084 1285 1179 1330 nemo
1201 1263 1413 1330 familiarium
1438 1285 1512 1330 eum
1542 1264 1695 1330 cohibere
1718 1264 1759 1330 de
1782 1270 1937 1348 suggestu
1959 1245 2088 1331 detrac-

279 1383 349 1442 tum
371 1381 405 1441 et
427 1377 529 1442 risum
552 1381 733 1442 moventem
764 1383 890 1461 posset,
919 1376 1065 1442 Socratis
1086 1377 1283 1443 auctoritate
1304 1381 1501 1442 commotum
1522 1375 1735 1455 intellexisse,
1767 1374 1829 1441 sibi
1850 1375 2088 1443 elaborandum

281 1507 367 1568 esse,
398 1494 435 1554 ut
464 1509 504 1554 ea
524 1509 609 1573 quae
638 1488 737 1554 vellet
766 1507 862 1572 agere
894 1489 992 1555 etiam
1023 1490 1129 1554 sciret.
1174 1487 1383 1572 Lamprocles
1414 1494 1447 1554 et
1470 1487 1679 1554 Antisthenes
1708 1489 1830 1574 (Symp.
1853 1509 1924 1573 cap.
1950 1493 1968 1552 2
1991 1491 2009 1576 5
2033 1493 2087 1576 10)

281 1599 320 1665 de
344 1599 531 1686 Xanthippe
553 1600 637 1666 male
662 1601 857 1666 existimant
901 1601 951 1665 Ex
974 1603 1082 1666 animo
1103 1602 1190 1666 irato
1215 1607 1274 1665 ent
1295 1621 1336 1666 ex
1357 1600 1487 1685 ingenio
1509 1600 1560 1681 id,
1592 1600 1679 1685 quod
1700 1601 1734 1664 in
1757 1619 1869 1666 eorum
1889 1601 2017 1668 iudiciis
2039 1603 2088 1666 ni·

279 1712 379 1778 mium
401 1713 452 1792 sit,
477 1711 618 1779 Cobetus
640 1713 768 1797 repetit.
813 1712 1062 1796 Xenophontem
1085 1712 1183 1778 credo
1204 1733 1270 1778 non
1292 1712 1398 1780 minus
1420 1731 1524 1796 aeque
1549 1711 1589 1778 de
1611 1711 1669 1778 ille
1692 1733 1790 1797 quam
1813 1712 1982 1779 Platonem
2003 1713 2088 1781 iudi·

280 1845 379 1890 casse.
424 1823 529 1904 Certe,
551 1845 617 1908 qua
636 1846 673 1890 re
694 1823 781 1891 filius
794 1831 933 1891 matrem
954 1823 997 1890 ad
1010 1827 1094 1891 ira'm
1110 1826 1313 1904 irritavisset,
1335 1824 1516 1909 ignorabat
1563 1823 1687 1890 Glauco
1710 1829 1819 1889 autem
1842 1823 1979 1891 Platone
2002 1831 2088 1892 teste

279 1937 375 2002 homo
406 1935 469 2002 ruit
498 1938 663 2021 egregius,
686 1937 816 2022 ingenio
839 1943 872 2003 et
893 1937 1044 2002 doctrina
1068 1937 1270 2021 conspicuus.
1315 1936 1564 2020 Apollodorum,
1597 1937 1775 2002 aSocrate
1796 1933 1963 2021 nunquam
1984 1937 2086 2004 disce·

279 2048 407 2114 dentem
429 2047 564 2131 (Comm.
577 2049 597 2114 l.
612 2049 660 2116 III
676 2070 746 2134 cap.
766 2055 801 2114 11
829 2051 928 2136 ς17),
951 2069 1119 2133 nunquam
1142 2048 1323 2133 Xenophon
1339 2050 1467 2115 videtur
1483 2049 1645 2115 audivisse
1668 2069 1741 2114 oum
1761 2048 1817 2113 illo
1840 2048 2086 2132 colloquentem.

432 2161 523 2226 Haec
543 2162 644 2245 igitur
654 2160 836 2245 Xenophon
850 2160 976 2241 habuit,
1000 2181 1085 2245 quae
1107 2161 1148 2227 de
1167 2160 1312 2226 Socratis
1330 2166 1464 2246 praeter
1482 2160 1686 2227 Critobulum
1704 2161 1816 2226 amicis
1838 2167 1897 2226 aut
1919 2159 2086 2228 familiari·

280 2273 343 2338 bus
373 2273 493 2338 litteris
521 2273 703 2339 mandaret.
748 2274 838 2352 Quae
869 2273 931 2338 etsi
960 2293 1025 2338 non
1046 2273 1151 2338 multa
1180 2279 1256 2339 sunt
1281 2308 1324 2322 -
1346 2274 1504 2358 pauciora
1526 2273 1646 2339 dixeris
1665 2293 1726 2357 pro
1748 2271 1926 2338 cottidiano
1941 2269 2087 2340 Socratis

277 2407 338 2451 usu
355 2405 394 2450 ac
407 2385 631 2450 familiaritate
652 2421 696 2434 -
716 2392 825 2450 tamen
842 2383 979 2450 alicuius
1001 2385 1157 2450 momenti
1178 2387 1205 2450 si
1227 2405 1292 2450 non
1313 2384 1442 2468 singula
1463 2389 1499 2450 at
1520 2386 1673 2450 universa
1694 2390 1770 2450 sunt
1790 2389 1975 2469 propterea,
1999 2387 2087 2469 quod

277 2497 402 2581 aliquid
439 2497 609 2562 Socratem
639 2495 852 2580 colloquendo
886 2496 1049 2582 profuisse
1079 2497 1314 2563 demonstrant.
1363 2497 1496 2582 ltaque,
1534 2503 1572 2563 ut
1601 2482 1729 2562 silentio
1764 2502 1970 2582 praeteream
2007 2519 2086 2563 non-

283 2608 397 2689 nullos,
420 2611 476 2693 qui
499 2630 561 2675 nec
576 2608 708 2674 aliunde
728 2614 804 2674 sunt
818 2610 939 2693 cogniti
959 2629 1021 2674 nec
1036 2609 1173 2675 multum
1196 2631 1235 2675 ex
1257 2610 1329 2695 ipso
1341 2608 1556 2693 Xenophonte
1578 2615 1825 2692 cognoscuntur,
1847 2615 1884 2675 ut
1908 2609 2087 2676 Diodorum

278 2719 440 2804 aliosque,
462 2720 580 2805 reliqui
602 2727 678 2787 sunt
701 2741 741 2787 ex
762 2721 818 2800 iis,
841 2741 923 2805 quos
945 2727 1088 2788 sectatos
1110 2721 1279 2788 Socratem
1302 2741 1373 2787 esse
1402 2721 1602 2804 accepimus,
1632 2719 1855 2805 Euthydemus
1885 2715 2085 2802 adulescens

227 2863 229 2868 ·
277 2833 400 2908 Dioclis
423 2832 476 2918 (cf.
495 2833 577 2899 Plat.
601 2833 708 2919 Symp.
732 2855 762 2918 p.
785 2837 848 2897 222
872 2833 914 2917 Β)
934 2833 1030 2912 filius,
1053 2838 1086 2899 et
1108 2833 1341 2900 Aristodemus.
1387 2833 1466 2899 Cum
1488 2833 1539 2898 his
1562 2837 1671 2898 autem
1692 2834 1741 2898 ita
1772 2833 1924 2899 Socrates
1944 2833 2085 2914 disserit,

276 2951 313 3011 ut
336 2953 495 3030 quantum
516 2945 713 3030 disputando
733 2946 783 3010 vir
801 2946 943 3030 optimus
961 2947 1115 3030 potuerit,
1137 2945 1287 3012 videatur
1307 2943 1458 3029 patefieri
1480 2951 1513 3010 et
1534 2945 1702 3011 illustrari.
1767 2979 1769 2984 ·

432 3059 538 3142 Atque
554 3057 802 3144 Euthydemum,
824 3064 876 3123 ter
898 3063 1033 3123 conatus
1056 3057 1099 3124 ad
1120 3055 1368 3140 colloquendum
1392 3057 1523 3122 allicere
1546 3063 1645 3141 atque
1669 3057 1712 3123 ad
1732 3077 1766 3122 se
1781 3056 1958 3138 attrahere,
1981 3057 2085 3124 donec

278 3169 459 3254 promptius
492 3168 649 3250 tolerare,
687 3191 760 3236 cum
792 3173 863 3254 ipse
895 3174 1068 3255 praesenta
1101 3169 1158 3235 illo
1188 3191 1261 3235 oum
1283 3169 1368 3235 ⁴aliis
1405 3169 1668 3253 colloquebatur,
1709 3176 1743 3236 et
1771 3168 1925 3235 libentius
1957 3170 2085 3236 auscul-

277 3285 350 3346 tare
373 3281 655 3360 animadverteret,
678 3283 854 3365 aliquando
877 3281 964 3348 solus
984 3267 1123 3347 adeum
1147 3282 1251 3347 solum
1271 3281 1353 3346 adiit
1374 3287 1473 3365 atque
1496 3281 1638 3348 instituit
1658 3301 1722 3348 nou
1743 3301 1849 3366 pauca
1871 3283 2084 3366 interrogare.

278 3391 348 3458 Non
371 3393 501 3459 credam
524 3395 587 3460 nisi
618 3395 756 3460 certiore
779 3395 964 3460 testimonio
988 3399 1186 3474 commotus,
1219 3394 1267 3460 sic
1297 3395 1461 3459 sevirum
1489 3395 1655 3480 egregium
1686 3394 1916 3460 existimationi
1945 3393 2084 3460 hominis

276 3504 512 3571 adulescentuli
524 3507 718 3582 venditasse,
737 3506 1050 3592 Euthydemumque,
1073 3507 1129 3590 qui
1141 3504 1228 3571 bona
1249 3504 1358 3570 indole
1371 3503 1471 3572 luisse
1484 3512 1640 3572 narratur
1654 3512 1687 3572 et
1698 3506 1894 3585 litterarum,
1914 3512 1952 3572 ut
1971 3511 2084 3572 orator

274 3617 308 3681 in
337 3637 373 3682 re
403 3617 536 3702 publiea
567 3619 756 3699 exsisteret,
786 3619 1056 3698 studiosissimus,
1084 3617 1215 3683 stultius
1247 3637 1353 3700 aequo
1383 3639 1418 3684 se
1449 3619 1596 3701 gessisse.
1649 3617 1778 3684 Dicitur
1807 3617 1951 3702 ahquam
1980 3618 2015 3683 in
2048 3638 2084 3684 se

276 3727 452 3795 collocasse
480 3729 634 3796 fiduciam
667 3737 765 3815 atque
798 3726 1038 3810 αὐτοδίδακτος
1067 3728 1207 3794 voluisse
1236 3729 1279 3794 ad
1308 3751 1377 3795 rem
1409 3729 1575 3814 publicam
1609 3729 1780 3795 accedere:
1813 3730 1916 3815 quid?
1945 3731 2083 3796 eundem

276 3861 296 3906 a
318 3841 452 3907 Socrate
467 3843 714 3925 interrogatum,
737 3862 803 3927 qua
825 3843 858 3908 in
881 3863 917 3908 re
942 3842 1063 3907 bonum
1085 3861 1120 3907 se
1143 3846 1313 3926 praestare
1330 3848 1473 3927 cuperet,
1497 3842 1691 3908 conticuisse
1713 3842 1981 3922 considerantem,
2005 3843 2084 3926 quid

274 3954 534 4037 respondendnm
550 3957 706 4039 putaret?
738 3954 914 4020 Praeterea
934 3953 1086 4020 Socrates
1105 3974 1179 4020 cum
1194 3953 1362 4021 Critobulo
1377 3953 1564 4038 colloquens
1578 3953 1747 4040 paulisper
1768 3953 1852 4020 ludit
1868 3953 2082 4038 ambiguitate

273 4064 507 4131 vocabulorum
534 4067 684 4154 κτήματα
715 4073 747 4132 et
783 4067 946 4154 gotiantes,
980 4085 1065 4149 quae
1102 4086 1142 4132 ea
1179 4065 1310 4150 quidem
1346 4068 1380 4131 in
1412 4066 1632 4152 disputatione
1664 4065 1751 4132 idem
1780 4065 1850 4132 fere
1879 4067 1988 4132 volere
2018 4065 2083 4132 dici

273 4182 410 4262 possunt
439 4185 473 4244 et
501 4179 646 4244 ordinem
674 4179 963 4262 argumentationis
985 4178 1221 4262 veritatemque
1252 4198 1316 4242 non
1346 4185 1539 4262 pervertunt
1563 4181 1606 4264 (r.
1630 4176 1778 4243 Schneid.
1809 4178 1851 4244 ad
1874 4178 1949 4244 Oee.
1973 4182 2079 4262 capl

274 4291 291 4376 ξ
314 4293 356 4374 7).
400 4289 642 4376 Euthydemum
675 4291 789 4356 eadem
808 4291 937 4357 ratione
961 4289 1083 4356 abusus
1106 4271 1220 4370 docet,
1247 4290 1501 4374 unumquodque
1523 4290 1646 4357 bonum
1667 4309 1738 4356 esse
1761 4311 1827 4356 non
1848 4287 2083 4378 ἀναμφίλογον

274 4402 331 4468 sed
362 4423 402 4468 ex
434 4403 528 4468 bonis
557 4399 755 4490 ἀμφιλόγως
778 4403 1007 4487 compositum,
1037 4407 1272 4487 tyrannosque,
1301 4403 1582 4486 egentissimorum
1609 4401 1714 4468 instar
1751 4403 1918 4469 hominum
1947 4408 2083 4487 propter

273 4515 416 4598 inopiam
438 4515 574 4580 iniurias
598 4514 708 4580 iacere
737 4519 885 4594 coactos,
915 4514 949 4578 in
981 4512 1095 4598 plebe,
1126 4533 1233 4598 pauca
1255 4519 1363 4580 autem
1389 4513 1610 4599 possidentes,
1640 4515 1668 4580 si
1697 4513 1869 4598 diligentes
1900 4520 2025 4594 essent,
2048 4515 2082 4580 in

273 4626 428 4693 divitibus
456 4627 624 4711 ponendos
658 4647 737 4693 esse.
781 4626 840 4692 Ille
868 4627 965 4711 plane
992 4625 1146 4692 deficiens
1179 4627 1287 4691 animo
1321 4647 1421 4711 seque
1454 4627 1560 4712 ipsum
1591 4633 1799 4692 contemnens
1832 4632 1932 4711 atque
1959 4627 2081 4694 manci·

272 4739 363 4822 pium
386 4758 445 4822 pro
470 4737 575 4804 libero
599 4759 633 4804 se
653 4759 724 4806 esse
747 4739 936 4804 existimans
960 4737 1081 4804 abiisse
1104 4738 1232 4803 dicitur.
1277 4738 1441 4823 Deceptus
1464 4744 1574 4804 autem
1598 4745 1657 4819 est,
1687 4738 1834 4822 quamvis
1857 4744 1891 4804 et
1916 4737 2081 4804 studiosus

273 4848 479 4934 eloquentiae
502 4857 535 4916 et
556 4851 675 4916 litteris
702 4850 862 4928 eruditus,
895 4850 1137 4916 concertatione
1169 4839 1419 4934 captationeqne
1449 4851 1630 4916 verborum.
1674 4849 1757 4916 Nam
1786 4849 1975 4934 disputandi
2003 4871 2081 4934 pru·

273 4961 386 5028 dentis
414 4961 504 5027 nulla
533 4968 591 5028 aut
619 4963 737 5048 exigua
766 4963 800 5027 in
830 4981 868 5028 eo
891 4961 1020 5046 dialogo
1058 4968 1124 5043 est,
1152 4983 1212 5027 neo
1240 4981 1348 5046 pauca
1376 4961 1480 5027 rideri
1505 4967 1615 5047 potest
1643 4962 1688 5042 is,
1718 4963 1774 5047 qui
1804 4959 1911 5043 finxit,
1935 4953 2081 5028 Socratis

271 5072 541 5159 Ischomachique
555 5073 657 5142 rerba
670 5075 816 5141 imitatus
833 5073 1043 5159 exscripsisse
1062 5072 1117 5158 (ci.
1133 5072 1252 5140 Comm.
1266 5073 1342 5140 1.1V
1358 5094 1428 5160 cap.
1443 5080 1462 5141 2
1479 5075 1496 5161 5
1514 5079 1554 5141 10
1571 5095 1644 5140 cum
1660 5073 1735 5140 Oec.
1757 5095 1827 5159 cap.
1848 5079 1886 5140 13
1909 5075 1927 5160 ᾗ
1944 5079 1965 5139 4
1981 5079 2015 5140 st
2037 5075 2080 5159 ὃ).
