4784 5720
1177 249 1200 325 6

281 477 394 525 sonam
427 461 462 522 ιι
487 456 631 542 lepidum
660 459 782 541 stocos
810 461 978 540 tamquam
1000 454 1177 522 Diutimam
1206 451 1300 520 Plato
1319 454 1444 538 (Cobet
1468 455 1661 539 Prosopogr.
1685 456 1765 522 Xen.
1785 479 1816 543 p.
1832 458 1887 542 72)
1911 458 2094 544 Xenophon

281 569 390 636 facere
413 568 552 634 voluisse
574 568 789 634 concidetur.
834 567 915 634 Erat
936 567 1168 634 Ischomachus
1185 587 1270 634 unus
1292 587 1333 633 ex
1354 566 1478 634 civibus
1500 567 1564 634 illis
1587 568 1847 649 Atheniensibus,
1871 589 1953 654 quos
1975 571 2093 639 Socra-

281 689 349 760 tes,
373 701 446 746 cum
467 679 681 746 intellexisset
703 685 830 746 attento
853 679 960 745 animo
982 701 1116 764 operam
1138 678 1253 746 dantes
1276 684 1309 745 et
1326 679 1462 746 celerius
1484 687 1518 747 ιι
1537 681 1666 746 facilius
1689 688 1723 747 et
1744 682 1868 747 maiore
1900 703 1972 748 cum
1999 683 2095 751 lucro

282 813 388 878 agere,
411 798 514 858 semet
534 793 606 877 ipso
628 790 778 858 meliores
800 790 967 858 Critobulo
990 797 1140 859 auctores
1162 789 1232 857 fore
1253 791 1336 857 dixit
1356 791 1399 858 ad
1422 797 1526 858 artem
1549 793 1598 857 rei
1618 792 1789 859 familiaris
1813 794 2093 863 administrandae

281 904 546 990 perdiscendam
569 909 607 970 ut
629 904 763 1002 credere
781 903 893 969 malim
913 925 950 970 re
972 923 1050 971 vera
1073 925 1147 970 eum
1169 903 1211 970 ab
1232 903 1289 970 illo
1305 904 1436 970 homine
1458 925 1498 970 sa
1518 903 1679 971 imbutum
1704 925 1774 971 esse
1797 905 1964 987 doctrina,
1998 907 2091 976 cuins

280 1019 351 1104 ipse
374 1022 472 1083 antea
491 1017 625 1101 ignarus
645 1017 711 1083 iam
734 1014 937 1082 Critobulum
958 1016 1092 1083 nolebat
1114 1021 1280 1100 expertem
1302 1036 1373 1082 esse
1396 1015 1450 1101 (ci.
1473 1037 1543 1101 cap.
1567 1023 1585 1080 2
1611 1019 1629 1104 ι
1654 1023 1694 1083 17
1717 1025 1751 1084 ιι
1773 1021 1836 1102 18).

437 1130 539 1209 Quem
561 1149 660 1214 porro
682 1129 804 1194 rectius
827 1129 974 1195 norimus
997 1129 1229 1212 Socratemqus
1261 1128 1424 1195 audivisse
1456 1130 1576 1195 certius
1592 1130 1716 1216 ,scimus
1738 1151 1837 1215 quam
1859 1130 2094 1199 Critobulum?

282 1243 345 1323 Qui
374 1247 408 1308 st
436 1241 525 1328 apud
547 1240 716 1307 Platonem
747 1247 797 1307 ιιι
824 1240 915 1306 haud
943 1261 1020 1306 raro
1051 1246 1084 1306 et
1113 1239 1201 1325 apud
1222 1240 1471 1324 Xenophontem
1503 1239 1764 1325 frequentissime
1794 1243 1946 1309 omnium.
1991 1243 2091 1310 Patre

282 1355 427 1436 Critone,
460 1355 528 1420 cive
550 1353 739 1420 Atheniensi
770 1351 915 1419 Socratis
944 1351 1214 1433 familiarissimo,
1245 1360 1342 1420 natus
1365 1353 1557 1420 adulescens
1587 1353 1677 1420 dives
1708 1376 1814 1439 neque
1837 1355 1922 1421 male
1943 1362 2090 1423 moratus

282 1474 362 1534 erat
408 1466 545 1534 Videtur
572 1485 637 1532 non
658 1464 761 1531 multo
784 1465 851 1530 sive
871 1465 977 1531 maior
999 1465 1067 1532 sire
1088 1467 1194 1531 minor
1215 1472 1296 1532 natu
1318 1485 1417 1550 qoam
1438 1465 1620 1551 Xenophon
1643 1467 1876 1534 consuetudine
1898 1469 2093 1534 coniunctus

282 1599 356 1647 eum
379 1600 417 1645 eo
439 1578 549 1644 fuisse.
594 1577 674 1646 Cum
695 1584 840 1658 amaret,
869 1585 907 1644 ut
929 1583 980 1644 est
999 1578 1033 1644 in
1056 1578 1303 1644 Commentariis
1333 1578 1367 1662 (l.
1390 1577 1405 1643 I
1433 1599 1506 1663 cap.
1530 1583 1549 1644 3
1579 1579 1597 1664 ᾗ
1620 1581 1757 1664 8-13),
1787 1579 1966 1646 Alcibiadis
1986 1579 2090 1646 filium

226 1679 229 1685 ¹
283 1691 445 1778 quendam
467 1689 732 1776 pulcherrimum,
755 1691 907 1757 Socrates
930 1711 1041 1757 coram
1064 1710 1102 1756 eo
1124 1691 1286 1773 qnaesivit
1307 1711 1347 1756 ex
1370 1690 1595 1775 Xenophonte,
1618 1690 1939 1758 nonneCritobulum
1962 1694 2090 1777 sapien·

282 1807 365 1872 tium
386 1804 496 1889 potius
513 1803 679 1870 hominum
702 1823 800 1886 quam
816 1803 988 1868 audacium
1004 1802 1277 1888 prudentiumque
1297 1803 1408 1886 potius
1430 1823 1528 1885 quam
1543 1803 1764 1888 insipientium
1786 1823 1826 1868 ac
1840 1805 2092 1870 temerariorum·

282 1919 315 1983 in
336 1935 472 1982 numero
494 1915 673 1981 habuisset.
718 1915 766 1980 Εο
787 1915 860 1999 ipso
883 1921 992 1981 autem
1013 1921 1160 1999 tempore
1191 1912 1441 1980 fervidissimum
1464 1935 1535 1981 esse
1563 1921 1597 1980 ιι
1618 1915 1914 2000 protervissimum3
1942 1915 2089 1982 futurum

284 2049 364 2110 esse,
384 2035 422 2096 ut
443 2028 494 2094 rel
517 2029 552 2092 in
572 2027 698 2112 gladios
718 2049 752 2094 ιι
767 2028 1004 2112 praecipitarat
1027 2034 1060 2093 et
1081 2028 1114 2092 in
1135 2027 1242 2110 ignem
1257 2025 1405 2092 insiliret.
1449 2028 1572 2094 Ausum
1592 2028 1676 2093 enim
1698 2049 1768 2093 esse
1785 2027 1965 2094 Alcibiadis
1987 2027 2089 2096 tilium

282 2148 320 2208 ut
341 2139 427 2207 facis
446 2139 702 2225 pulcherrimum
724 2143 824 2224 atque
846 2145 955 2206 aetate
973 2137 1238 2206 florentissimum
1260 2159 1380 2204 amare.
1420 2134 1633 2223 Xenophonti
1656 2159 1747 2204 suam
1771 2141 1965 2205 sententiam
1989 2159 2090 2224 oppo-

282 2255 382 2333 nenti,
402 2252 437 2318 id
459 2253 488 2320 si
511 2252 677 2318 temerarii
699 2251 839 2318 hominis
861 2257 957 2331 esset,
978 2273 1013 2317 se
1036 2271 1165 2335 quoque
1188 2251 1251 2318 sibi
1272 2250 1376 2317 uideri
1398 2250 1488 2317 istud
1508 2251 1689 2335 pericnlum
1712 2253 1872 2318 sustinere
1903 2271 2017 2338 posse,
2048 2251 2092 2316 Et

283 2365 448 2451 quidnam,
471 2365 586 2449 inquit,
609 2364 799 2445 miserrime,
821 2370 919 2448 putas
941 2363 1003 2430 tibi
1017 2371 1207 2430 eventurum
1229 2385 1302 2430 esse
1324 2362 1444 2429 honum
1459 2364 1603 2430 amanti?
1625 2384 1731 2429 nonne
1752 2363 1843 2444 illud,
1865 2370 1903 2429 ut
1925 2362 2091 2447 extemplo

283 2501 395 2546 serrus
417 2477 462 2543 sis
485 2497 545 2562 pro
570 2477 683 2557 libero,
704 2476 808 2543 multa
829 2475 999 2561 impendas
1021 2476 1065 2542 ad
1086 2477 1270 2560 voluptates
1293 2477 1423 2555 noxias,
1449 2475 1586 2542 multum
1616 2497 1727 2542 morae
1753 2475 1877 2542 habeas
1899 2475 1943 2542 ad
1964 2475 2089 2560 aliquid

282 2591 455 2677 pulchrum
478 2590 714 2673 honestumque
735 2589 1011 2673 persequendum,
1039 2608 1173 2673 operam
1195 2607 1271 2653 vero
1302 2607 1422 2654 navare
1446 2589 1574 2672 cogaris
1597 2589 1716 2672 quibus
1738 2609 1779 2654 ns
1800 2589 1934 2653 insanus
1957 2588 2088 2672 quidem

282 2709 461 2770 navaturus
482 2700 591 2767 foret?
636 2701 715 2768 Cum
738 2701 957 2768 admiraretur
979 2701 1176 2785 Xenophon,
1203 2699 1290 2785 quod
1312 2704 1438 2766 tantam
1462 2699 1626 2784 quandam
1650 2701 1752 2766 osculi
1774 2700 1839 2764 vim
1861 2719 1932 2766 esse
1956 2700 2090 2779 diceret,

282 2813 468 2900 respondit,
490 2813 667 2898 phalangia
687 2813 856 2894 nimirum,
885 2833 957 2879 cum
985 2834 1026 2879 ne
1048 2812 1136 2880 oholi
1163 2812 1293 2896 quidem
1314 2812 1441 2877 dimidii
1463 2813 1720 2895 magnitudinem
1743 2817 1938 2896 aequarent,
1961 2818 2089 2878 tantum

283 2929 350 2994 oris
371 2932 464 2992 tactu
487 2924 653 2992 doloribus
675 2925 822 2992 homines
844 2924 1003 2991 conficere
1025 2932 1198 3009 menteque
1220 2925 1406 3005 destituere,
1429 2923 1586 3008 illumque
1609 2924 1733 3008 aliquid
1754 2924 1931 3008 phalangia
1951 2946 1988 2990 rs
2010 2943 2090 2990 rora

281 3041 403 3107 inicere
425 3037 611 3106 credentem
634 3036 759 3118 docuit,
780 3037 926 3104 homines
950 3057 1078 3122 quoque
1104 3036 1258 3122 pulchros
1281 3037 1405 3121 aliquid
1427 3037 1605 3103 osculando
1627 3037 1748 3102 inicere
1770 3055 1874 3120 eoque
1896 3037 2011 3102 maiori
2035 3057 2088 3102 ca·

282 3152 423 3219 lumitati
448 3171 535 3231 esse,
568 3147 656 3235 quod
678 3169 743 3215 non
762 3155 854 3215 tactu
877 3148 935 3215 ssd
958 3155 1134 3236 conspectu
1155 3149 1314 3215 insaniam
1338 3148 1513 3215 adferrent.
1558 3148 1698 3214 Proinde
1718 3148 1917 3234 Xenophon,
1940 3149 1968 3214 si
1990 3168 2089 3233 quem

282 3265 455 3351 pulchrum
478 3263 710 3347 conspexisset,
731 3281 890 3347 praeceps
912 3261 1110 3346 profugeret,
1133 3260 1320 3328 Critobulus
1344 3267 1454 3328 autem
1477 3282 1599 3327 annum
1618 3261 1899 3345 peregrinaretur;
1923 3261 1977 3326 vix
2001 3261 2087 3326 enim

282 3377 428 3444 futurum
451 3395 533 3455 esse,
557 3381 595 3440 ut
612 3375 700 3440 intra
721 3379 849 3442 tantum
870 3375 1027 3460 temporis
1049 3375 1190 3459 spatium
1213 3395 1311 3440 sanus
1331 3373 1433 3439 fieret

437 3487 613 3554 Praeterea
642 3485 828 3554 Critobulus
855 3486 896 3552 ds
923 3487 1036 3552 amicis
1065 3491 1099 3552 et
1130 3485 1308 3569 deligendis
1335 3493 1369 3552 et
1397 3485 1607 3552 conciliandis
1629 3507 1649 3551 a
1674 3485 1809 3550 Socrate
1830 3484 2015 3550 admonitus
2038 3491 2092 3550 est

283 3601 417 3688 (Comm.
438 3601 458 3666 l
481 3599 513 3666 Il
535 3620 606 3684 cap⁴
621 3601 671 3683 ι).
715 3598 1048 3682 Quamquamfateor
1070 3618 1118 3678 ea,
1140 3618 1224 3682 quac
1245 3598 1309 3663 hac
1332 3597 1372 3664 de
1394 3619 1430 3663 re
1452 3597 1576 3682 scripta
1597 3597 1743 3682 legimus,
1767 3596 1856 3662 haud
1878 3596 1927 3662 ita
1949 3603 2086 3682 Σωκρα-

283 3721 382 3794 cruos
404 3712 588 3779 declamata
610 3712 846 3795 veritatemque
867 3712 973 3796 ipsam
996 3710 1075 3776 mihi
1096 3709 1199 3776 rideri
1221 3711 1327 3776 minus
1349 3715 1501 3776 assecuta
1528 3731 1607 3776 esse.
1651 3711 1758 3793 Atque
1780 3716 1818 3774 ut
1839 3708 1920 3773 nihil
1939 3715 2090 3793 praeter·

282 3827 420 3905 mittam,
440 3823 527 3890 idem
543 3830 708 3904 narratur,
728 3823 756 3888 si
776 3843 889 3890 verum
909 3828 959 3889 est
981 3822 1069 3906 quod
1089 3821 1123 3886 in
1138 3822 1289 3888 Conririo
1306 3822 1451 3888 Socratis
1473 3823 1629 3906 seriptum
1645 3823 1801 3902 ridemus,
1822 3821 1856 3886 in
1881 3821 2088 3886 convivarum

283 3937 526 4004 Sooraticorum
548 3955 683 4002 numero
713 3935 813 4001 husee
843 3956 903 4000 sue
926 3938 1097 4000 venustate
1119 3925 1422 4018 nimium'gaudens
1446 3939 1479 3999 et
1500 3933 1636 3999 Cliniam
1657 3933 1819 4017 quendam
1840 3933 1955 3998 insano
1977 3951 2088 3997 amore

283 4049 462 4134 deperiens.
506 4047 544 4114 ld
566 4054 691 4114 eertum
715 4052 774 4126 est,
804 4047 934 4133 saepius
957 4065 1056 4131 qnam
1077 4052 1259 4112 ceterorum
1281 4046 1369 4130 apud
1392 4046 1820 4130 Xenophontemrrationem
1844 4043 1992 4111 habitam
2014 4063 2086 4110 esse

283 4159 450 4228 Critobuli.
495 4159 601 4226 Huius
622 4159 722 4244 igitur
748 4158 797 4224 illi
818 4160 1007 4226 memoriam
1038 4157 1089 4224 vel
1118 4158 1266 4243 inprimis
1294 4158 1551 4241 redintegratam
1581 4179 1651 4223 esse
1681 4157 1829 4224 existimo
1855 4155 2089 4240 peregrinanti,

283 4293 356 4340 curn
378 4279 412 4340 et
431 4271 609 4338 audivisset
631 4277 665 4338 ιι
685 4271 819 4356 legisset
839 4270 936 4350 illud,
967 4291 1032 4355 quo
1053 4269 1134 4335 nihil
1158 4270 1301 4354 iniquius
1323 4291 1395 4336 esse
1415 4269 1591 4349 sentiebat,
1615 4290 1655 4334 ea
1677 4269 1760 4334 adeo
1783 4269 1823 4334 de
1846 4287 1946 4334 causa
1968 4267 2088 4332 Socra·

282 4392 349 4452 tem
370 4385 405 4451 in
425 4383 582 4452 iudicium
607 4389 759 4450 vocatum
787 4388 821 4449 st
848 4383 964 4467 capitis
987 4382 1177 4475 damnatum
1200 4401 1271 4448 esse
1294 4381 1336 4447 ab
1360 4381 1626 4461 Atheniensibus,
1656 4381 1743 4464 quod
1765 4380 1990 4446 adulescentes
2017 4399 2090 4444 cor·

283 4497 433 4583 rupisset.
479 4496 544 4563 Sed
566 4494 692 4562 dehac
714 4515 750 4560 re
771 4500 888 4581 postea
911 4493 1082 4560 dicendum
1105 4495 1176 4560 erit.
1220 4493 1314 4560 Nunc
1337 4495 1436 4559 aliam
1460 4494 1621 4559 rationem
1640 4494 1797 4559 ineamus.

437 4607 599 4675 libellum
620 4608 705 4673 enim
728 4629 811 4688 eum,
834 4609 891 4691 qui
909 4606 1100 4672 inscribitur
1124 4605 1484 4693 claromontanorum
1508 4612 1558 4671 est
1579 4605 1628 4671 ita
1645 4611 1869 4689 comparatum
1892 4623 1972 4684 esse,
1994 4607 2091 4669 utet

282 4722 376 4789 initio
399 4726 434 4787 et
452 4721 487 4786 in
508 4719 573 4786 fine
596 4726 756 4806 appareat
778 4719 821 4785 ad
837 4718 1018 4805 perlectum
1041 4738 1124 4802 opus
1138 4717 1262 4802 aliquid
1285 4718 1407 4784 deesse.
1452 4718 1560 4796 Quare
1576 4716 1699 4784 lactum
1722 4723 1780 4795 est,
1802 4721 1840 4782 ut
1860 4715 1925 4795 alii,
1948 4731 2087 4799 quorum

283 4835 408 4918 primus
428 4832 492 4898 iuit
514 4831 674 4912 Galenus,
703 4832 754 4898 vir
774 4830 1028 4910 eruditissimus,
1058 4829 1307 4897 Oeconomionm
1329 4833 1507 4896 extremam
1530 4834 1659 4914 partem
1683 4828 1994 4894 Commentariorum
2017 4843 2091 4892 esse

284 4949 461 5024 censerent,
484 4944 541 5012 alii
561 4943 690 5010 litteras
713 4963 849 5027 graecas
870 4943 1069 5028 perscrutati
1089 4941 1227 5008 aliorum
1249 4961 1379 5026 quoque
1407 4941 1568 5008 librorum
1591 4941 1767 5025 scriptores
1790 4940 1949 5024 quosdam
1973 4937 2088 5004 eadem

283 5056 368 5122 initii
390 5056 497 5123 forma
513 5077 590 5124 usos
612 5075 683 5124 esse
705 5055 767 5122 sibi
788 5054 1033 5140 persuaderent,
1055 5053 1112 5120 elii
1135 5047 1242 5140 prima
1255 5053 1359 5119 libelli
1373 5053 1473 5120 rerba
1496 5051 1538 5118 ab
1562 5051 1626 5120 alio
1649 5052 1758 5137 aliquo
1780 5052 1911 5120 homine
1932 5056 1991 5118 aut
2009 5043 2091 5117 addi
