4784 5720
1195 260 1241 334 10

464 463 567 530 Multo
589 471 623 532 et
644 465 721 530 buia
744 469 777 530 ot
798 463 933 548 reliquis
955 463 1033 531 libri
1055 464 1166 550 quarti
1188 463 1345 548 dialogis,
1367 465 1425 550 qui
1444 465 1510 532 iem
1532 466 1619 530 inter
1642 463 1896 550 Xenophonteos
1919 486 1984 534 non
2005 488 2116 534 nume·
2144 479 2147 490 '

308 584 441 658 rantur,
472 583 620 662 praestat
643 578 688 658 ie,
717 577 775 661 qui
797 583 848 642 est
877 576 963 644 inter
985 576 1154 644 Socratem
1177 581 1211 642 et
1233 575 1475 644 Aristodemum
1496 578 1573 662 περὶ
1595 583 1659 646 τοῦ
1681 580 1859 664 δαιμονίου
1882 579 1915 662 (l.
1937 579 1953 646 1
1981 600 2052 665 cap.
2073 583 2117 664 4).

309 691 358 758 De
387 709 451 775 quo
481 696 576 756 acute
603 695 636 756 et
665 688 806 762 scienter
833 687 913 756 feeit
940 687 1096 758 indicium
1119 689 1286 772 Augustus
1308 687 1422 755 Krobn
1442 687 1613 773 (Sokratus
1634 688 1703 756 und
1722 688 1911 774 Xenophon,
1933 711 1965 774 p.
1991 693 2116 776 lsqq.).

308 801 340 868 Is
363 807 473 868 autern
493 802 564 868 iure
595 802 644 866 ait
664 801 806 887 primum
828 820 849 865 a
870 799 978 866 divino
1001 800 1073 880 illo,
1107 799 1195 886 qnod
1225 799 1378 867 Socrates
1405 798 1468 867 sibi
1496 799 1616 868 dixerit
1646 800 1808 885 quaedam
1839 801 2023 886 significare
2045 802 2117 886 (lI

309 933 380 998 cap.
405 917 420 978 l
445 915 463 1000 ᾖ
485 920 506 980 4
535 911 719 1000 Σωκράτης
744 907 772 981 δ’
801 908 910 997 ὥσπερ
932 912 1145 1000 ἐγίγνωσκεν,
1167 909 1275 994 οὕτως
1296 913 1402 1000 ἔλεγε·
1425 911 1465 981 τὸ
1485 913 1662 1000 δαιμόνιον
1682 909 1747 1000 γὰρ
1769 913 1835 1000 ἔφη
1856 917 2040 1001 σημαίνειν,
2061 916 2117 984 παῖ

308 1033 443 1106 πολλοῖς
463 1033 533 1096 τῶν
556 1025 732 1094 συνόντων
745 1025 953 1112 προηγόρευε
976 1023 1017 1093 τὰ
1038 1025 1100 1112 μὲν
1115 1033 1235 1106 ποιεῖν,
1256 1023 1297 1094 τὰ
1320 1025 1357 1094 δὲ
1379 1023 1426 1112 μὴ
1446 1033 1567 1106 ποιεῖν,
1591 1022 1635 1106 ὡς
1655 1033 1718 1094 τοῦ
1738 1027 1917 1112 δαιμονίου
1936 1030 2118 1114 προσημαί·

307 1139 458 1222 νοντας),
486 1137 624 1204 multum
654 1135 786 1202 differre
815 1134 850 1202 id
872 1135 1016 1204 diunum
1038 1157 1173 1218 numen,
1200 1137 1291 1204 ouius
1320 1134 1526 1222 providentis
1555 1136 1757 1204 otmundus
1785 1145 1978 1222 procreatus
2007 1137 2051 1204 sit
2081 1145 2117 1204 et

307 1249 407 1316 rebus
427 1249 578 1314 humanis
593 1247 783 1316 consulatur
804 1247 906 1333 (quod
919 1247 1104 1333 appelletur
1122 1255 1156 1316 et
1174 1249 1351 1336 δαιμόνων
1372 1255 1405 1314 et
1427 1256 1535 1331 θεῖον,
1556 1249 1646 1332 θεός,
1666 1253 1755 1331 θεοί,
1775 1255 1810 1316 at
1831 1247 1865 1330 ἒξ
1886 1245 1988 1338 ἀρχῆς
2009 1259 2119 1320 ποιῶν

307 1388 358 1444 τις
390 1357 613 1447 ἀνθρώπους,
648 1357 756 1448 σοφὸς
783 1361 840 1430 καὶ
871 1360 1034 1451 φιλόζφος
1062 1361 1282 1449 δημιουργός,
1317 1366 1384 1452 ζῷα
1412 1358 1499 1430 εἶναι
1528 1361 1795 1449 βουλευσόμενός
1815 1387 1881 1442 τις,
1914 1367 1948 1428 et
1975 1359 2118 1446 πρόνοια

308 1473 360 1540 rel
388 1471 469 1562 ίγίν
489 1481 536 1564 τῷ
558 1473 659 1544 παντὶ
682 1469 876 1560 φρόνησις);
906 1472 1024 1539 deinde
1055 1472 1099 1539 ab
1127 1471 1257 1556 ingenio
1287 1494 1326 1540 eo
1353 1473 1478 1558 pietate
1508 1473 1670 1553 Socratis,
1701 1473 1861 1540 humanas
1892 1492 1945 1539 res
1975 1479 2117 1540 oontem-

307 1585 429 1671 plantis
451 1605 512 1652 neo
534 1585 736 1670 quaerentis,
759 1583 921 1669 quomodo
949 1584 1089 1651 mundus
1112 1585 1155 1651 sit
1175 1591 1367 1669 procreatus
1389 1584 1575 1670 quibusque
1596 1584 1848 1652 necessitatibus
1869 1583 1951 1652 fient
1969 1585 2117 1670 singulae

308 1719 362 1764 res
383 1698 542 1765 caelestes
564 1695 598 1782 (l.
621 1697 638 1764 1
659 1717 731 1781 cap.
755 1701 770 1762 1
794 1697 812 1782 ᾗ
832 1703 868 1762 11
886 1702 920 1764 et
937 1699 1000 1780 16),
1023 1696 1146 1764 alienas
1168 1695 1269 1764 tuisse
1290 1696 1364 1764 illas
1387 1696 1428 1764 de
1451 1697 1560 1764 anima
1589 1695 1755 1764 mundana
1776 1697 1827 1763 rel
1850 1696 1891 1764 de
1911 1697 2118 1781 providentia

307 1809 521 1896 Physioorum
541 1806 640 1893 idque
662 1808 845 1876 Stoicorum
867 1808 1081 1893 cogitationes
1111 1816 1145 1876 et
1170 1808 1345 1891 vocabula3
1376 1809 1516 1894 denique
1537 1809 1701 1876 homiuem
1722 1810 1903 1895 sapientem
1926 1815 2118 1894 praecepto·

308 1941 442 2006 remque
462 1921 594 1988 virtutis
615 1941 651 1987 re
680 1918 882 1988 exercendae
912 1919 1122 1988 abhorruisse
1151 1941 1225 1988 cum
1247 1943 1268 1987 a
1289 1921 1529 1989 sermocinandi
1552 1921 1732 2006 cupiditate
1761 1927 1832 1988 tum
1859 1921 2021 1988 avirtute
2044 1942 2117 1988 ora·

308 2033 462 2100 benetalis
485 2032 750 2100 commendanda.

463 2145 716 2226 Aristodemum,
737 2164 843 2229 neque
867 2144 917 2211 dis
939 2144 1179 2212 sacrificantem
1199 2167 1306 2230 neque
1327 2144 1462 2213 oracula
1485 2145 1707 2212 consulentem
1728 2152 1828 2230 atque
1851 2145 1934 2212 adeo
1957 2166 2030 2224 eos,
2060 2148 2117 2230 qui

308 2257 357 2324 ita
377 2257 517 2338 iaciant,
545 2257 752 2337 irridentem,
786 2255 915 2323 Socrati
937 2256 1117 2343 disputanti
1139 2279 1212 2324 oum
1243 2279 1282 2325 eo
1312 2259 1459 2325 ridemus
1488 2257 1554 2324 alia
1583 2255 1726 2341 quedam
1750 2277 1791 2324 ex
1811 2263 1907 2342 parte
1929 2256 2117 2336 concedere,

308 2371 398 2438 velut
420 2375 572 2436 naturam
593 2369 732 2436 rationis
746 2373 913 2454 expertem
933 2389 998 2436 non
1014 2369 1199 2436 babendum
1220 2391 1300 2452 essa,
1322 2371 1376 2438 vel
1395 2369 1476 2436 illud
1497 2371 1529 2456 (ζ
1553 2371 1587 2452 7)
1611 2366 1701 2438 οὕτω
1722 2395 1761 2456 γε
1785 2369 2004 2460 σκοπουμένῳ
2026 2370 2118 2438 πόνυ

308 2481 395 2552 ἔοικε
418 2490 523 2552 ταῦτα
544 2489 658 2569 σοφοῦ
678 2507 770 2562 τινος
792 2484 1002 2569 δημιουργοῦ
1022 2482 1079 2550 καί
1101 2481 1271 2574 φιλοζῴου
1292 2481 1484 2569 τεχνήματι,
1507 2481 1573 2548 alia
1594 2502 1659 2548 nou
1681 2481 1869 2548 concedere.
1913 2481 2002 2548 Dicit
2022 2483 2117 2560 enim,

308 2614 373 2661 nou
393 2601 600 2662 contemnere
623 2614 657 2660 se
679 2592 712 2663 ri
741 2593 934 2681 draptiaco,
962 2592 1021 2661 sed
1047 2592 1307 2678 magnificentius
1335 2594 1523 2660 existimare
1545 2612 1645 2677 quam
1667 2593 1756 2677 quod
1777 2614 1839 2660 sua
1860 2613 1941 2660 cura
1963 2593 2117 2677 cultuque

308 2706 464 2791 indigeat,
486 2725 547 2771 neo
567 2705 630 2773 sibi
650 2705 843 2791 persuaderi
863 2727 981 2790 passus
1003 2705 1095 2774 brevi
1118 2705 1260 2791 quodem
1273 2705 1419 2773 Socratis
1437 2727 1594 2790 responso
1617 2695 1671 2775 Εὖ
1686 2709 1769 2787 lobs,
1790 2706 1897 2790 inquit
1918 2707 1951 2792 (ς
1971 2707 2034 2790 11),
2056 2703 2117 2788 ὅτι,

309 2819 339 2888 εί
359 2821 526 2906 νομίζοιμι
546 2815 650 2898 θεοὺς
671 2813 867 2904 ἀνθρώπων
885 2843 918 2886 τι
938 2823 1149 2906 φροντίζειν,
1179 2816 1243 2888 ota
1265 2815 1308 2888 ἂν
1325 2815 1485 2906 ἀμελοίην
1506 2817 1640 2899 αὐτῶν,
1668 2838 1769 2902 seque
1798 2825 1897 2902 negat
1918 2817 2118 2885 crediturum

310 2949 391 3002 esse,
413 2950 433 2994 a
455 2928 505 2996 dis
527 2929 590 2996 sibi
613 2928 754 3010 consuli,
782 2929 845 2996 nisi
867 2930 1000 2996 mittant
1021 2931 1078 3014 qui
1100 2929 1163 2996 sibi
1187 2930 1365 3009 suadeant,
1387 2930 1466 3014 quid
1486 2930 1597 3010 iaciat,
1620 2928 1699 3014 quid
1724 2950 1789 2997 non
1809 2929 1920 2996 faciat
1963 2929 2014 2997 Ad
2035 2930 2118 2997 haec

309 3041 462 3108 Socrates
492 3041 640 3108 oratione
669 3041 853 3128 respondet
898 3043 968 3122 Quo
989 3040 1078 3108 facto
1109 3040 1189 3126 quid
1210 3042 1344 3109 tandem
1366 3041 1430 3108 sibi
1451 3041 1494 3108 ab
1515 3041 1572 3108 illo
1593 3062 1786 3128 persuasum
1808 3043 1866 3122 sit,
1893 3042 2118 3109 Aristodemus

309 3174 373 3222 non
402 3153 566 3234 declarat,
596 3151 654 3221 ssd
684 3153 747 3220 boc
775 3153 954 3238 accipimus
986 3153 1028 3220 de
1057 3154 1192 3234 Socrate
1221 3153 1716 3240 scriptorisindioium(§19):
1746 3155 1819 3242 ἐμοὶ
1846 3155 1909 3242 μὲν
1930 3143 2118 3224 οὖντοῦτο

309 3266 417 3354 λόγον
444 3262 486 3335 οὐ
507 3266 614 3353 μόνον
635 3263 715 3346 τοὺς
744 3264 909 3346 συνόντας
931 3264 1039 3336 ἐδόκει
1059 3277 1185 3348 ποιεῖν,
1208 3264 1308 3336 ὁπότε
1338 3263 1406 3336 ὑπὸ
1435 3275 1506 3336 τῶν
1534 3265 1730 3353 ἀνθρώπων
1759 3263 1909 3358 ὁρῷντο,
1937 3263 2119 3354 ἀπέχεσθαι

308 3387 380 3447 τῶν
400 3373 549 3448 ἀνοσίαν
576 3403 611 3448 τε
642 3378 699 3446 aul
721 3373 848 3448 ἀδίκων
869 3378 926 3446 aul
947 3380 1113 3465 αἰσχρῶν,
1143 3375 1226 3448 ἀλλὰ
1247 3379 1303 3448 παὶ
1326 3375 1426 3448 ὁπότε
1449 3379 1486 3448 ἐν
1512 3378 1630 3471 ἐρημίᾳ
1659 3375 1744 3460 elev,
1774 3379 1906 3464 ἐπείπερ
1937 3375 2118 3465 ἡγήσαιντο

308 3489 415 3578 μηδὲν
442 3487 486 3558 ἄν
504 3515 585 3560 ποτε
619 3479 667 3560 ὧν
695 3489 873 3577 πρόττοιεν
901 3488 1006 3570 θεοὺς
1034 3493 1218 3560 διαλαθεῖν.
1268 3489 1455 3572 Credimus,
1484 3493 1514 3556 si
1543 3489 1652 3572 lubet,
1681 3496 1876 3558 commotum
1905 3496 2005 3576 atquo
2035 3489 2118 3556 adeo

310 3608 544 3669 commutatum
565 3601 658 3668 illum
683 3603 828 3669 Socratis
850 3602 998 3670 oratione
1021 3623 1107 3681 esse,
1137 3623 1177 3668 sr
1208 3603 1312 3689 ipsius
1341 3603 1449 3670 verbis
1478 3601 1668 3687 intellegere
1697 3622 1763 3670 non
1791 3623 1972 3687 possumus.
2016 3600 2119 3669 Paulo

310 3715 497 3782 accuratius
518 3713 617 3781 huius
640 3713 688 3780 rei
708 3713 794 3781 ratio
816 3713 932 3781 habita
954 3720 1005 3782 est
1033 3715 1067 3780 in
1094 3713 1232 3798 dialogis
1255 3715 1401 3782 Socratis
1421 3714 1683 3802 Euthydemique
1705 3713 1952 3800 componendis,
1977 3713 2052 3794 sed,
2083 3719 2120 3782 ut

310 3825 393 3892 nibil
414 3825 455 3894 de
478 3825 613 3894 Socrate
634 3824 757 3906 dicam,
785 3825 949 3894 homiuem
970 3826 1270 3912 peradulescentem
1293 3826 1532 3913 Euthydemum
1553 3829 1653 3895 istum
1682 3825 1781 3894 fuisse
1802 3847 1934 3894 uecmse
1956 3832 2023 3907 est,
2053 3827 2119 3910 qui,

310 3957 384 4004 oum
405 3938 511 4006 bonus
534 3944 648 4006 orator
669 3938 741 4004 fieri
764 3943 798 4006 et
820 3939 862 4006 ad
885 3937 1142 4025 rempublicam
1164 3939 1321 4006 accedere
1343 3941 1492 4020 voluerit,
1515 3940 1655 4024 primum
1678 3939 1773 4022 quasi
1794 3943 1950 4004 contusus
1971 3939 2119 4006 oratione

310 4049 456 4117 Socratis
484 4049 588 4117 tristis
616 4058 650 4118 et
672 4051 887 4118 conturbatus
909 4051 1044 4130 abierit,
1074 4057 1144 4118 tum
1166 4049 1207 4118 de
1228 4049 1371 4130 iustitia,
1404 4051 1445 4117 de
1467 4050 1652 4135 cognitione
1674 4051 1739 4130 sui,
1769 4050 1810 4116 do
1831 4052 1955 4136 pietate
1975 4050 2119 4130 deorum,

310 4161 351 4229 de
381 4161 599 4248 temperantia
628 4161 765 4247 aliisque
795 4161 909 4244 rebus,
939 4183 1026 4248 quae
1057 4162 1101 4229 ad
1128 4164 1230 4228 vitam
1258 4161 1342 4231 bene
1370 4161 1630 4231 constituendam
1657 4163 1838 4248 pertinent,
1871 4161 1982 4230 multis
2010 4161 2118 4229 verbis

310 4272 426 4340 doctus
445 4275 578 4340 iamiam
601 4274 644 4340 ad
665 4275 717 4356 id,
746 4272 833 4358 qnod
857 4276 928 4361 ipse
949 4275 1153 4361 propositum
1173 4274 1326 4355 haberet,
1354 4276 1540 4342 institutum
1568 4295 1602 4342 se
1632 4295 1703 4342 esse
1724 4281 1831 4354 ratus,
1861 4272 2042 4342 decreverit
2074 4272 2117 4343 ab

308 4384 376 4466 illo,
396 4385 460 4452 nisi
480 4386 591 4472 aliqua
611 4387 805 4454 necessitate
831 4393 973 4468 coactns,
998 4407 1063 4454 non
1084 4385 1252 4454 discedere
1283 4407 1422 4471 eumque
1443 4386 1639 4471 quibusdam
1658 4387 1692 4454 iu
1723 4386 1823 4454 rebus
1844 4387 1975 4454 imitari

464 4497 597 4566 Rectius
625 4499 726 4584 igitur
756 4519 854 4584 quam
875 4498 927 4566 bis
949 4498 1103 4584 dialogis,
1135 4499 1191 4584 qni
1213 4498 1256 4566 ad
1279 4498 1411 4566 scholae
1432 4499 1578 4584 artisque
1601 4499 1770 4566 cuiusdam
1791 4497 1955 4566 scribendi
1975 4499 2119 4566 mtionos

312 4610 483 4695 compositi
503 4616 593 4691 suut,
624 4611 819 4696 graviusque
839 4631 938 4695 quam
958 4609 1023 4678 illis
1045 4610 1264 4692 sermonibus,
1287 4611 1358 4695 qui,
1387 4617 1424 4678 ut
1454 4632 1555 4697 supra
1582 4611 1666 4692 dixi,
1695 4611 1740 4678 ad
1761 4611 1848 4678 vitae
1875 4609 2118 4678 similitudinem

314 4721 558 4790 accommodate
587 4723 702 4809 scripti
731 4723 865 4790 minoris
895 4728 1006 4790 umen
1034 4723 1188 4790 momenti
1215 4728 1306 4803 sunt,
1336 4723 1475 4803 rectius,
1497 4724 1647 4808 inquam,
1675 4730 1776 4808 atque
1798 4723 1928 4808 gratim
1957 4721 2119 4802 Socrates,

310 4834 473 4918 quomodo
495 4840 528 4900 et
549 4839 708 4919 quantum
730 4833 943 4919 colloquendo
972 4833 1149 4920 profuerit,
1177 4835 1421 4902 demonstratur
1447 4855 1513 4902 uno
1534 4833 1695 4920 colloquio
1718 4854 1774 4915 eo,
1801 4834 1891 4920 quod
1915 4836 2002 4900 inter
2027 4833 2119 4902 illum

311 4945 579 5032 Critobulumque
606 4945 756 5014 habitum
780 4945 901 5032 legitur
922 4945 998 5013 Oec.
1021 4967 1091 5032 cap.
1114 4947 1130 5014 1
1154 4953 1188 5013 et
1209 4947 1256 5027 II,
1285 4967 1350 5031 quo
1376 4965 1482 5031 neque
1511 4947 1617 5014 maius
1646 4967 1753 5031 neque
1773 4949 1996 5033 praestantius
2017 4945 2119 5014 ullum

309 5057 344 5124 iu
366 5057 613 5126 Commentariis
634 5059 788 5144 reperies.
1374 5041 1380 5052 ’
