4784 5720
1045 186 1304 298 -1-4-

269 399 383 457 rentur
405 389 447 455 ad
468 391 658 462 memoriam
680 389 825 454 Socratis
846 388 1016 468 tuendam,
1045 409 1199 454 numerus
1226 389 1315 454 nulla
1344 410 1379 453 re
1410 411 1450 454 ne
1471 388 1635 454 levissima
1658 390 1788 473 quidem
1820 392 1939 456 omissa
1967 391 2086 475 ampli-

269 503 432 568 ficaretur.
493 501 560 566 Nec
588 502 693 566 solnm
723 500 882 566 librorum
912 500 1184 566 absolvendorum
1220 521 1332 566 euram
1368 501 1528 585 suscepit,
1559 501 1617 566 sed
1647 502 1746 566 etiarn
1784 503 1854 586 ipse
1883 509 1916 566 et
1947 525 2081 568 narrare

271 615 311 680 de
334 615 468 681 Socrate
492 621 629 680 conatus
652 619 703 678 est
726 619 767 690 et,
793 617 910 696 quarto
934 613 1111 696 praecipue
1133 611 1235 690 libro,
1266 618 1355 678 totos
1385 613 1525 678 confecit
1548 613 1703 697 dialogos.
1749 613 1841 678 Unde
1862 607 1994 680 'facturn
2023 625 2081 694 est,

270 735 308 792 nt
337 727 488 792 Socrates
510 724 565 791 ille
589 725 844 809 Xenophonteus
867 724 999 791 madere
1020 724 1225 789 sermonibus
1248 725 1406 789 videatur.
1451 724 1611 808 Loquitur
1635 731 1744 790 autern
1768 747 1846 792 saue
1871 726 2080 792 confidenter.

270 839 356 904 Fieri
379 839 465 904 enim
487 842 613 922 potest,
643 842 680 901 ut
700 836 949 920 Xenophontem
980 835 1094 900 audire
1126 836 1220 902 nobis
1243 836 1411 901 videamur
1434 835 1474 900 de
1498 837 1634 902 Socrate
1665 859 1723 902 suo
1747 839 1874 903 nomine
1897 844 2081 904 testantem.

269 950 378 1016 Nihilo
402 951 507 1016 minus
530 957 639 1014 tamen
663 948 841 1013 cavendum
856 955 914 1028 est,
934 968 975 1012 ne
993 953 1160 1032 tamqnam
1175 948 1237 1032 ipsi
1251 948 1397 1030 loquenti
1412 947 1508 1012 fidem
1522 948 1711 1014 habeamus.
1759 949 2082 1016 Multainveniuntur

269 1063 356 1128 modi
378 1063 564 1127 testimonia
588 1061 651 1146 (1.1
672 1081 741 1144 cap.
765 1066 784 1124 2
808 1062 825 1146 ξ
850 1065 886 1126 31
914 1055 1076 1146 οὔτεγὰρ
1100 1059 1204 1147 ἔγωγε
1227 1056 1295 1128 οὔτ’
1321 1055 1422 1140 αὐτὸς
1444 1069 1545 1128 τοῦτο
1567 1060 1701 1129 πώποτε
1726 1062 1929 1149 Σωκράτους
1952 1059 2080 1151 ἥκουσα

270 1177 340 1240 eius
372 1171 440 1243 οὔτ’
471 1172 575 1242 ἄλλον
604 1200 665 1242 του
696 1171 886 1258 φάσκοντος
913 1168 1091 1258 ἀκηκοέναι
1111 1167 1284 1262 ᾐσθόμην,
1309 1171 1386 1253 etl,
1411 1179 1441 1251 4,
1465 1177 1482 1237 2
1509 1173 1589 1253 λέξω
1612 1175 1648 1242 di
1672 1183 1809 1259 πρῶτον
1830 1172 1852 1241 e‘c'
1872 1199 1953 1243 ποτε
1975 1172 2082 1244 αὐτοῦ

271 1285 398 1374 ἥκουσα
417 1295 498 1367 κτλ,
519 1287 544 1364 I,
570 1292 598 1364 7,
622 1293 639 1351 5
660 1290 692 1349 et
705 1285 745 1364 11,
764 1290 824 1362 1,1
850 1273 1204 1370 ἐμοὶμὲνοῦνέδόκει
1317 1281 1425 1352 ἐδόκει
1447 1285 1482 1352 ds'
1504 1311 1561 1370 μοι
1583 1292 1662 1365 κτλ,
1684 1286 1764 1365 11,4‚
1790 1292 2035 1366 1.5,1.6,1.9,
2055 1295 2081 1354 1.

273 1406 321 1472 10,
346 1399 460 1480 13111,
484 1403 512 1476 3,
538 1405 573 1478 1;
595 1397 649 1475 IV,
673 1401 702 1474 3,
726 1401 754 1460 2.
777 1403 806 1474 4,
829 1403 857 1462 5.
882 1403 911 1475 5,
932 1397 981 1480 2),
1014 1417 1152 1479 quorum
1173 1416 1251 1480 pars
1277 1403 1366 1461 certe
1389 1395 1499 1479 aliqua
1520 1397 1586 1461 sive
1610 1397 1715 1461 minor
1735 1398 1802 1463 sive
1821 1399 1927 1464 maior
1953 1419 1972 1462 a
1997 1420 2082 1464 com-

270 1511 420 1594 pluribus
450 1511 514 1574 iam
546 1510 624 1574 viris
652 1508 758 1573 doctis
785 1508 848 1572 levi
878 1513 1041 1573 momento
1073 1509 1266 1574 aestimatur
1296 1515 1490 1592 propterea,
1521 1508 1609 1591 quod
1631 1508 1682 1574 vel
1703 1531 1743 1574 ea
1765 1511 1853 1594 ipsa,
1885 1511 2003 1593 quibus
2025 1510 2082 1574 illa

271 1623 440 1707 adscripta
463 1628 546 1700 sunt,
570 1642 610 1685 ex
632 1621 783 1705 opinione
806 1617 910 1702 magis
933 1640 1031 1703 quam
1055 1639 1094 1684 ex
1119 1621 1258 1684 veritate
1280 1619 1399 1704 aliquis
1420 1621 1606 1702 loquentem
1627 1620 1743 1686 iecisse
1766 1621 1933 1686 Socratem
1955 1622 2083 1688 ridetur

271 1735 324 1818 (cf.
350 1735 398 1799 ed.
422 1734 544 1799 Tenba.
567 1732 669 1817 praei.
694 1733 764 1797 crit.
787 1733 932 1816 passim).

427 1845 488 1926 Qui
512 1851 620 1910 autem
644 1844 894 1909 Oeconomicnnr
918 1844 1063 1928 seposuit
1086 1841 1245 1908 edendum
1275 1864 1335 1908 nec
1362 1843 1541 1927 quidquam
1570 1846 1662 1909 initio
1684 1845 1828 1924 addidit,
1858 1845 1945 1910 idem
1974 1852 2082 1929 potest

271 1957 373 2022 videri
405 1965 453 2036 et,
484 1957 568 2022 libro
599 1956 639 2021 de
668 1955 837 2040 republica
857 1955 1101 2021 Atheniensium
1137 1956 1308 2020 coniuncto
1341 1977 1414 2020 cum
1443 1956 1612 2040 republica
1642 1956 1989 2036 Lacedaemoniorum,
2021 1978 2080 2041 pro

272 2070 356 2155 Περὶ
379 2079 437 2156 τῆς
463 2065 643 2156 Ἀθηναίων
668 2072 834 2147 πολιτείας
857 2068 1025 2151 scripsisse
1049 2070 1134 2153 Περὶ
1156 2070 1191 2137 δὲ
1214 2094 1242 2135 ι.
1261 2063 1299 2135 Ἀ.
1323 2093 1374 2148 ιι,
1405 2074 1438 2132 et
1459 2068 1548 2144 libri,
1580 2068 1636 2151 qui
1658 2070 1849 2134 inscribitur
1872 2068 2081 2156 Evenisset,

270 2159 396 2246 initium
421 2182 623 2264 excogitasse
645 2181 721 2245 hoc:
740 2176 816 2247 Ἀλλ’
842 2181 915 2267 ἐμοὶ
938 2183 1032 2248 δοκεῖ
1052 2187 1120 2248 κτλ.
1165 2180 1204 2245 ld
1223 2181 1408 2262 negaverim
1432 2188 1591 2258 constare,
1614 2181 1676 2245 iste
1697 2181 1782 2246 liber
1803 2186 1913 2246 utrum
1934 2202 1954 2244 a
1975 2181 2082 2246 Xeno·

270 2293 392 2376 phonte
416 2294 613 2376 compositus
635 2293 678 2357 sit
700 2313 811 2356 necne.
856 2292 1037 2369 Sermones,
1061 2313 1142 2375 qnos
1158 2293 1309 2358 Socrates
1333 2313 1406 2356 cum
1430 2292 1571 2356 convivis
1594 2300 1748 2358 narratur
1760 2295 1910 2371 seruisse,
1934 2292 2081 2375 dialogis,
2203 2282 2207 2290 ’

271 2405 327 2487 qni
350 2411 426 2470 sunt
448 2405 481 2469 in
502 2405 764 2482 Commentariis,
798 2403 958 2487 dignitate
987 2405 1171 2488 superiores
1204 2425 1275 2469 esse
1304 2424 1368 2468 non
1392 2403 1502 2482 video,
1532 2425 1629 2488 pares
1661 2403 1846 2488 similesque
1874 2425 1944 2470 esse
1967 2405 2081 2470 sentio.

272 2516 316 2580 Ut
340 2518 423 2581 enim
447 2517 687 2582 Aristodemum
710 2517 914 2598 interrogare
937 2515 1090 2582 Socrates
1112 2517 1228 2599 incipit
1249 2517 1332 2584 Είιιί
1355 2543 1422 2602 μοι,
1445 2515 1536 2584 ἔστιν
1557 2513 1714 2596 οὕστινας
1736 2513 1941 2600 ἀνθρώπους
1962 2515 2082 2584 τεθαύ-

271 2655 376 2714 μακας
398 2629 451 2696 ἐπὶ
474 2633 597 2720 σοφίᾳ,
620 2629 667 2694 sic
691 2627 827 2693 Galbam
849 2627 941 2694 iubet
963 2629 997 2692 in
1020 2629 1165 2693 convivio
1187 2629 1346 2709 ἐπιδείξαι
1368 2625 1430 2714 τὴν
1452 2628 1577 2697 ἑαυτοῦ
1598 2633 1741 2714 σοφίαν,
1763 2649 1869 2711 nequa
1891 2629 1925 2692 in
1947 2628 2082 2694 dubium

271 2762 312 2805 ne
334 2739 486 2806 Socrates
509 2741 639 2822 quidem
661 2761 806 2823 unquam
828 2741 957 2805 vocavit
980 2748 1039 2806 aut
1068 2761 1141 2806 cum
1172 2740 1236 2805 illis
1259 2747 1317 2805 aut
1339 2761 1412 2806 cum
1434 2740 1638 2825 Euthydemo
1669 2740 1873 2824 colloquens,
1901 2739 1980 2823 quid
2010 2747 2082 2806 tan-

272 2852 345 2917 dem
375 2859 460 2918 esset
489 2874 545 2930 ea,
580 2851 620 2917 de
653 2873 719 2935 qua
748 2853 944 2936 loquuntur,
974 2857 1078 2939 σοφία
1106 2853 1160 2937 (de
1192 2873 1271 2935 qua,
1304 2859 1479 2936 postquam
1508 2853 1692 2936 complures
1721 2853 1786 2916 iam
1810 2851 2081 2936 significaverunt,

272 2964 448 3046 aliqnando
481 2965 668 3030 accuratius
705 2963 878 3030 videndum
917 2966 995 3044 erit,
1033 2964 1072 3030 cf.
1103 2964 1240 3030 Hermes
1271 2970 1320 3043 17,
1351 2968 1436 3048 299).
1488 2965 1620 3030 Iustitia
1647 2963 1801 3030 laudatur
1831 2985 1870 3029 ea
1900 2964 1941 3029 de
1973 2985 2081 3043 causa,

272 3076 377 3159 quod,
408 3098 481 3142 cum
509 3074 648 3160 ἀνδρεία
678 3083 712 3142 et
739 3081 843 3162 σοφία
863 3097 1093 3159 nonnunquam
1124 3083 1157 3142 et
1179 3077 1292 3142 amicis
1322 3082 1356 3141 et
1384 3076 1584 3160 reipublicae
1614 3097 1731 3142 nocere
1766 3076 1953 3154 videantur,
1986 3083 2081 3145 καλο-

222 3187 226 3193 ’
272 3184 420 3274 adpetita
446 3188 490 3253 sit
519 3185 832 3275 ἀναμφιλογωιοίτη.
886 3188 1078 3273 Rhapsodos
1106 3196 1143 3254 ut
1174 3189 1396 3274 Euthydemus
1426 3190 1474 3254 ita
1505 3189 1657 3255 Socrates
1688 3193 1798 3254 censet
1825 3184 1979 3275 ἠλιθίους
2002 3171 2092 3252 esses

274 3300 457 3366 Admodum
480 3301 584 3367 simile
608 3300 759 3366 Convivia
787 3299 867 3365 illud
890 3305 941 3364 est
971 3300 1184 3384 colloquium,
1217 3300 1306 3384 quod
1336 3307 1386 3366 est
1416 3301 1501 3366 inter
1524 3301 1690 3367 Socratem
1715 3307 1748 3365 et
1769 3299 1957 3366 Theodoten
1979 3321 2082 3365 mere·

274 3413 388 3478 tricem
418 3413 500 3499 μειὰ
532 3417 682 3500 σπουδῆς
709 3413 764 3480 καλ
795 3415 936 3492 παιδιᾶς.
995 3411 1161 3478 Vocabulo
1190 3411 1392 3498 βαναυσικός
1420 3435 1497 3478 num
1528 3434 1568 3478 en
1598 3414 1729 3496 optimis
1756 3412 1970 3496 scriptoribus
1999 3433 2083 3477 unus

273 3524 454 3609 Xenophon
475 3547 554 3590 usus
574 3525 634 3604 sit,
667 3524 875 3590 vehementer
897 3523 1029 3604 dubit03
1059 3530 1250 3590 annotatum
1272 3524 1393 3608 legitur
1415 3525 1504 3608 apud
1527 3524 1691 3590 Pollucem
1714 3528 1758 3610 (7,
1781 3531 1809 3604 6,
1833 3523 1871 3589 ci.
1895 3525 1975 3589 Xan.
1998 3523 2082 3588 Dial.

274 3660 308 3703 ιι.
331 3639 392 3704 οίκ.
417 3659 447 3720 p.
474 3639 558 3720 145).
604 3635 669 3702 Sed
692 3637 845 3720 quoniam
868 3641 939 3701 tota
962 3635 1045 3701 haec
1067 3658 1120 3702 res
1142 3638 1257 3720 paucis
1279 3637 1386 3702 uerbis
1408 3637 1546 3720 transigi
1569 3659 1632 3702 non
1654 3641 1780 3722 potest,
1801 3657 1841 3702 ne
1862 3636 1963 3701 levius
1986 3656 2083 3719 agere

272 3746 392 3826 videar,
415 3748 449 3813 id
472 3767 725 3813 commemorare
747 3747 854 3826 liceat,
876 3747 964 3831 quod
986 3747 1185 3813 reclamante
1207 3754 1240 3813 et
1254 3749 1393 3814 remmia
1413 3750 1486 3833 ipsa
1508 3755 1542 3815 at
1560 3749 1687 3816 ratione
1704 3755 1888 3834 temporum
1909 3750 2081 3813 confictum

273 3865 331 3924 est.
376 3858 564 3926 Critobulus
586 3859 778 3925 adulescens
801 3859 972 3926 aSoerate
994 3859 1035 3926 de
1052 3860 1203 3926 cavendis
1218 3882 1394 3945 puerorum
1411 3862 1531 3926 amoris
1552 3861 1715 3927 illecebris
1735 3861 1928 3945 perniciosis
1942 3861 2082 3944 benigne

273 3971 415 4037 monitus
442 3978 476 4036 et
505 3971 548 4036 ad
574 3972 748 4038 sanitatem
778 3971 940 4038 adductus
962 3971 1040 4036 luit:
1071 3971 1239 4054 idemque,
1264 3978 1440 4056 postquam
1462 3993 1597 4038 uxorem
1619 3973 1729 4052 duxit,
1757 3994 1817 4039 sua
1839 3971 2082 4058 pulchritudine

273 4103 313 4148 ac
336 4089 506 4149 venustate
526 4083 705 4150 insolenter
725 4083 870 4167 gaudens
893 4088 926 4148 et
941 4083 1064 4148 Cliniae
1087 4083 1256 4149 cuiusdam
1279 4105 1389 4150 amore
1410 4085 1462 4151 die
1476 4090 1639 4170 noctuque
1656 4092 1792 4150 vexatus
1813 4105 1885 4150 esse
1908 4090 1941 4149 et
1956 4083 2083 4150 Socrati

273 4195 320 4278 (in
340 4195 452 4261 schola
469 4195 581 4278 aliqua
602 4193 665 4282 τὴν
687 4193 839 4282 κεφαλὴν
859 4193 943 4281 πρὸς
962 4203 1003 4286 τῇ
1026 4203 1155 4285 κεφαλῇ
1174 4197 1231 4264 καί
1253 4193 1314 4265 τὸν
1335 4185 1425 4283 ὦμον
1436 4195 1568 4285 γυμνὸν
1590 4194 1675 4282 πρὸς
1693 4205 1811 4287 γυμνῷ
1834 4205 1882 4288 τῷ
1899 4193 2085 4282 Κριτοβού-

272 4313 336 4374 λου
360 4304 435 4398 ὤμῳ
452 4307 561 4394 ἔχοντι
577 4313 677 4392 atque
693 4306 801 4394 ὥσπερ
824 4304 891 4376 ὑπὸ
911 4312 1038 4394 θηρίου
1059 4306 1150 4388 τινὸς
1172 4309 1364 4402 ὄεδηνμὲνφ
1389 4309 1497 4395 Symp.
1520 4330 1590 4394 cap.
1613 4314 1634 4373 4
1656 4311 1674 4395 ξ
1695 4313 1735 4374 27
1761 4315 1795 4374 et
1817 4314 1876 4388 28,
1899 4309 1939 4374 ef.
1964 4307 2083 4373 Comm.

272 4415 293 4482 l.
313 4418 328 4483 1
351 4439 421 4503 cap.
444 4420 477 4502 3)
499 4420 533 4485 in
556 4440 666 4485 amore
690 4425 723 4484 et
745 4419 878 4498 deliciis,
898 4439 963 4484 non
985 4418 1081 4485 ahter
1104 4425 1203 4503 atque
1226 4420 1288 4504 ipsi
1310 4420 1365 4486 ille
1386 4420 1549 4504 quondam
1568 4420 1735 4505 puerulus,
1759 4419 1858 4487 fuisse
1882 4419 2011 4486 dieitur.

426 4529 543 4614 ltaque
566 4531 785 4597 consideranti
807 4531 901 4611 mihi,
931 4553 1013 4614 quos
1043 4529 1083 4596 de
1114 4532 1249 4597 Socrate
1282 4530 1385 4598 libros
1414 4553 1479 4616 quo
1502 4539 1648 4616 tempore
1671 4533 1812 4617 scriptos
1834 4531 2083 4616 Xenophontem

273 4640 442 4726 reliquisse
465 4641 588 4722 dicam,
611 4644 752 4728 primurn
774 4642 830 4708 ille
853 4643 982 4711 ridetur
1004 4664 1077 4709 eum
1099 4663 1225 4722 eorum,
1253 4645 1309 4726 qui
1338 4643 1508 4710 Socratem
1529 4650 1779 4724 accusaverant,
1810 4650 1879 4712 tum
1902 4642 2083 4728 Polycratis

273 4753 462 4820 criminibus
485 4761 665 4820 commotus
687 4754 881 4839 apologiam,
903 4755 1021 4821 deinde
1043 4775 1137 4820 suum
1160 4754 1384 4839 Critobulique
1411 4777 1486 4822 cum
1509 4755 1644 4822 Socrate
1665 4756 1862 4841 colloquium
1884 4761 1918 4822 et
1939 4755 2082 4820 Oecono-

271 4865 391 4930 micum
413 4866 591 4950 scripsisse,
614 4888 720 4950 quem,
742 4887 816 4932 cum
838 4872 872 4931 et
894 4866 1102 4952 simplicitate
1119 4866 1277 4950 singulari
1292 4867 1500 4952 naturalique
1516 4868 1621 4933 nitore
1643 4875 1676 4933 et
1696 4867 1872 4953 prudentia
1894 4867 2084 4952 disputandi

273 4996 313 5041 ac
342 4977 576 5044 sententiarum
604 4977 749 5062 pondere
781 4983 928 5064 praestet
956 4985 1056 5062 atque
1085 4978 1188 5044 multa
1219 4985 1252 5044 et
1282 4979 1455 5064 praeclara
1485 4980 1572 5045 vitae
1608 4985 1697 5046 recte
1732 4979 1878 5065 agendae
1906 4987 2085 5064 praecepta
