<?xml version="1.0" encoding="UTF-8"?>
<!DOCTYPE html PUBLIC "-//W3C//DTD XHTML 1.0 Transitional//EN"
    "http://www.w3.org/TR/xhtml1/DTD/xhtml1-transitional.dtd">
<html xmlns="http://www.w3.org/1999/xhtml" xml:lang="en" lang="en">
 <head>
  <title>
</title>
<meta http-equiv="Content-Type" content="text/html;charset=utf-8" />
  <meta name='ocr-system' content='tesseract 3.04.00' />
  <meta name='ocr-capabilities' content='ocr_page ocr_carea ocr_par ocr_line ocrx_word'/>
</head>
<body>
  <div class='ocr_page' id='page_1' title='image "./dexenophontisli00lincgoog_0024.png"; bbox 0 0 4784 5720; ppageno 0'>
   <div class='ocr_carea' id='block_1_1' title="bbox 1194 259 1215 334">
    <p class='ocr_par' dir='ltr' id='par_1_1' title="bbox 1194 259 1215 334">
     <span class='ocr_line' id='line_1_1' title="bbox 1194 259 1215 334; baseline 0 0"><span class='ocrx_word' id='word_1_1' title='bbox 1194 259 1215 334; x_wconf 79' lang='lat'><strong>7</strong></span> 
     </span>
    </p>
   </div>
   <div class='ocr_carea' id='block_1_2' title="bbox 298 460 2109 1001">
    <p class='ocr_par' dir='ltr' id='par_1_2' title="bbox 298 460 2109 1001">
     <span class='ocr_line' id='line_1_2' title="bbox 299 460 2107 549; baseline 0.001 -17"><span class='ocrx_word' id='word_1_2' title='bbox 299 471 359 532; x_wconf 88' lang='lat' dir='ltr'><strong>aut</strong></span> <span class='ocrx_word' id='word_1_3' title='bbox 389 464 564 530; x_wconf 73' lang='lat' dir='ltr'><strong>ramaotari</strong></span> <span class='ocrx_word' id='word_1_4' title='bbox 594 469 627 530; x_wconf 90' lang='lat' dir='ltr'><strong>et</strong></span> <span class='ocrx_word' id='word_1_5' title='bbox 659 463 780 532; x_wconf 75' lang='lat' dir='ltr'><strong>mutam</strong></span> <span class='ocrx_word' id='word_1_6' title='bbox 806 465 952 548; x_wconf 89' lang='lat' dir='ltr'><strong>potuisse</strong></span> <span class='ocrx_word' id='word_1_7' title='bbox 974 469 1145 549; x_wconf 86' lang='lat' dir='ltr'><strong>putarent,</strong></span> <span class='ocrx_word' id='word_1_8' title='bbox 1177 463 1251 530; x_wconf 88' lang='lat' dir='ltr'><strong>eliis</strong></span> <span class='ocrx_word' id='word_1_9' title='bbox 1280 460 1421 547; x_wconf 89' lang='lat' dir='ltr'><strong>denique</strong></span> <span class='ocrx_word' id='word_1_10' title='bbox 1447 463 1582 547; x_wconf 88' lang='lat' dir='ltr'><strong>indigna</strong></span> <span class='ocrx_word' id='word_1_11' title='bbox 1602 461 1768 530; x_wconf 82' lang='lat' dir='ltr'><strong>rideretur</strong></span> <span class='ocrx_word' id='word_1_12' title='bbox 1788 463 1854 530; x_wconf 91' lang='lat' dir='ltr'><strong>ista</strong></span> <span class='ocrx_word' id='word_1_13' title='bbox 1874 463 2038 549; x_wconf 87' lang='lat' dir='ltr'><strong>partieula</strong></span> <span class='ocrx_word' id='word_1_14' title='bbox 2059 465 2107 546; x_wconf 78' lang='lat' dir='ltr'><strong>di,</strong></span> 
     </span>
     <span class='ocr_line' id='line_1_3' title="bbox 298 574 2107 663; baseline -0.001 -17"><span class='ocrx_word' id='word_1_15' title='bbox 298 577 395 663; x_wconf 87' lang='lat' dir='ltr'><strong>quasi</strong></span> <span class='ocrx_word' id='word_1_16' title='bbox 417 576 459 644; x_wconf 88' lang='lat' dir='ltr'><strong>de</strong></span> <span class='ocrx_word' id='word_1_17' title='bbox 488 574 553 642; x_wconf 85' lang='lat' dir='ltr'><strong>heo</strong></span> <span class='ocrx_word' id='word_1_18' title='bbox 576 575 646 641; x_wconf 88' lang='lat' dir='ltr'><strong>sola</strong></span> <span class='ocrx_word' id='word_1_19' title='bbox 675 581 844 660; x_wconf 75' lang='lat' dir='ltr'><strong>ageretur,</strong></span> <span class='ocrx_word' id='word_1_20' title='bbox 873 595 958 659; x_wconf 90' lang='lat' dir='ltr'><strong>quae</strong></span> <span class='ocrx_word' id='word_1_21' title='bbox 991 575 1047 642; x_wconf 91' lang='lat' dir='ltr'><strong>diu</strong></span> <span class='ocrx_word' id='word_1_22' title='bbox 1077 595 1136 642; x_wconf 89' lang='lat' dir='ltr'><strong>nos</strong></span> <span class='ocrx_word' id='word_1_23' title='bbox 1158 581 1342 642; x_wconf 87' lang='lat' dir='ltr'><strong>moraretur</strong></span> <span class='ocrx_word' id='word_1_24' title='bbox 1370 575 1577 642; x_wconf 78' lang='lat' dir='ltr'><strong>molestiaene</strong></span> <span class='ocrx_word' id='word_1_25' title='bbox 1605 574 1699 642; x_wconf 88' lang='lat' dir='ltr'><strong>nobie</strong></span> <span class='ocrx_word' id='word_1_26' title='bbox 1721 575 1907 642; x_wconf 78' lang='lat' dir='ltr'><strong>facesseret</strong></span> <span class='ocrx_word' id='word_1_27' title='bbox 1951 576 2107 644; x_wconf 71' lang='lat' dir='ltr'><strong>Fmtremo</strong></span> 
     </span>
     <span class='ocr_line' id='line_1_4' title="bbox 299 687 2108 775; baseline -0.002 -17"><span class='ocrx_word' id='word_1_28' title='bbox 299 709 431 775; x_wconf 90' lang='lat' dir='ltr'><strong>quoque</strong></span> <span class='ocrx_word' id='word_1_29' title='bbox 452 687 537 756; x_wconf 88' lang='lat' dir='ltr'><strong>libro</strong></span> <span class='ocrx_word' id='word_1_30' title='bbox 560 687 715 772; x_wconf 76' lang='lat' dir='ltr'><strong>quiddam</strong></span> <span class='ocrx_word' id='word_1_31' title='bbox 738 688 926 772; x_wconf 78' lang='lat' dir='ltr'><strong>requiritur.</strong></span> <span class='ocrx_word' id='word_1_32' title='bbox 970 687 1131 756; x_wconf 72' lang='lat' dir='ltr'><strong>Redeunti</strong></span> <span class='ocrx_word' id='word_1_33' title='bbox 1161 687 1291 754; x_wconf 86' lang='lat' dir='ltr'><strong>Sourati</strong></span> <span class='ocrx_word' id='word_1_34' title='bbox 1314 687 1429 767; x_wconf 89' lang='lat' dir='ltr'><strong>adid,</strong></span> <span class='ocrx_word' id='word_1_35' title='bbox 1458 687 1546 771; x_wconf 88' lang='lat' dir='ltr'><strong>qnod</strong></span> <span class='ocrx_word' id='word_1_36' title='bbox 1567 687 1763 773; x_wconf 78' lang='lat' dir='ltr'><strong>principium</strong></span> <span class='ocrx_word' id='word_1_37' title='bbox 1783 687 1886 754; x_wconf 87' lang='lat' dir='ltr'><strong>totius</strong></span> <span class='ocrx_word' id='word_1_38' title='bbox 1907 688 2108 772; x_wconf 87' lang='lat' dir='ltr'><strong>quaestionis</strong></span> 
     </span>
     <span class='ocr_line' id='line_1_5' title="bbox 298 788 2109 890; baseline 0.001 -22"><span class='ocrx_word' id='word_1_39' title='bbox 298 823 372 870; x_wconf 89' lang='lat' dir='ltr'><strong>esse</strong></span> <span class='ocrx_word' id='word_1_40' title='bbox 394 800 586 878; x_wconf 75' lang='lat' dir='ltr'><strong>arbitratur,</strong></span> <span class='ocrx_word' id='word_1_41' title='bbox 607 821 681 866; x_wconf 87' lang='lat' dir='ltr'><strong>uum</strong></span> <span class='ocrx_word' id='word_1_42' title='bbox 703 799 783 866; x_wconf 87' lang='lat' dir='ltr'><strong>dioit</strong></span> <span class='ocrx_word' id='word_1_43' title='bbox 805 800 887 866; x_wconf 83' lang='lat' dir='ltr'><strong>baec</strong></span> <span class='ocrx_word' id='word_1_44' title='bbox 907 804 993 887; x_wconf 84' lang='lat' dir='ltr'><strong>(nep.</strong></span> <span class='ocrx_word' id='word_1_45' title='bbox 1017 805 1055 866; x_wconf 86' lang='lat'><strong>21</strong></span> <span class='ocrx_word' id='word_1_46' title='bbox 1080 802 1099 886; x_wconf 64' lang='grc' dir='ltr'><strong>ἓ</strong></span> <span class='ocrx_word' id='word_1_47' title='bbox 1122 802 1171 885; x_wconf 91' lang='lat' dir='ltr'><strong>l):</strong></span> <span class='ocrx_word' id='word_1_48' title='bbox 1202 795 1287 883; x_wconf 75' lang='grc' dir='ltr'><strong>ἀτὰρ</strong></span> <span class='ocrx_word' id='word_1_49' title='bbox 1310 799 1417 868; x_wconf 72' lang='lat' dir='ltr'><strong>deved</strong></span> <span class='ocrx_word' id='word_1_50' title='bbox 1439 823 1488 886; x_wconf 72' lang='grc' dir='ltr'><strong>γε,</strong></span> <span class='ocrx_word' id='word_1_51' title='bbox 1513 788 1537 868; x_wconf 83' lang='lat' dir='ltr'><strong>d</strong></span> <span class='ocrx_word' id='word_1_52' title='bbox 1556 795 1732 886; x_wconf 80' lang='grc' dir='ltr'><strong><em>Ἱσχόμαχε.</em></strong></span> <span class='ocrx_word' id='word_1_53' title='bbox 1757 797 1800 880; x_wconf 78' lang='grc' dir='ltr'><strong>ὡς</strong></span> <span class='ocrx_word' id='word_1_54' title='bbox 1822 789 1861 868; x_wconf 78' lang='grc' dir='ltr'><strong>εὖ</strong></span> <span class='ocrx_word' id='word_1_55' title='bbox 1881 809 1924 890; x_wconf 76' lang='grc' dir='ltr'><strong>τῇ</strong></span> <span class='ocrx_word' id='word_1_56' title='bbox 1946 798 2109 870; x_wconf 68' lang='grc' dir='ltr'>ὑποθέσει</span> 
     </span>
     <span class='ocr_line' id='line_1_6' title="bbox 298 907 2108 1001; baseline -0.003 -16"><span class='ocrx_word' id='word_1_57' title='bbox 298 911 383 985; x_wconf 79' lang='lat' dir='ltr'><strong>dlov</strong></span> <span class='ocrx_word' id='word_1_58' title='bbox 404 910 467 982; x_wconf 82' lang='grc' dir='ltr'><strong>τὸν</strong></span> <span class='ocrx_word' id='word_1_59' title='bbox 487 912 591 1000; x_wconf 79' lang='grc' dir='ltr'><strong><em>λόγον</em></strong></span> <span class='ocrx_word' id='word_1_60' title='bbox 612 917 808 1000; x_wconf 72' lang='grc' dir='ltr'><strong><em>βοηθοῦντα</em></strong></span> <span class='ocrx_word' id='word_1_61' title='bbox 829 913 1040 1001; x_wconf 67' lang='lat' dir='ltr'><strong>seulement.</strong></span> <span class='ocrx_word' id='word_1_62' title='bbox 1073 909 1207 982; x_wconf 58' lang='lat' dir='ltr'><strong>mereo</strong></span> <span class='ocrx_word' id='word_1_63' title='bbox 1235 910 1300 998; x_wconf 71' lang='grc' dir='ltr'><strong>γὰρ</strong></span> <span class='ocrx_word' id='word_1_64' title='bbox 1322 910 1386 999; x_wconf 76' lang='grc' dir='ltr'><strong>τὴν</strong></span> <span class='ocrx_word' id='word_1_65' title='bbox 1406 910 1593 1000; x_wconf 56' lang='lat' dir='ltr'><strong>panormita</strong></span> <span class='ocrx_word' id='word_1_66' title='bbox 1620 912 1741 1000; x_wconf 76' lang='grc' dir='ltr'><strong><em>τέχνην</em></strong></span> <span class='ocrx_word' id='word_1_67' title='bbox 1762 921 1880 980; x_wconf 73' lang='grc' dir='ltr'><strong><em>πασῶν</em></strong></span> <span class='ocrx_word' id='word_1_68' title='bbox 1902 910 1989 982; x_wconf 75' lang='grc' dir='ltr'>εἶναι</span> <span class='ocrx_word' id='word_1_69' title='bbox 2010 907 2108 998; x_wconf 76' lang='lat' dir='ltr'><strong>suipe-</strong></span> 
     </span>
    </p>
   </div>
   <div class='ocr_carea' id='block_1_3' title="bbox 299 1023 2115 2566">
    <p class='ocr_par' dir='ltr' id='par_1_3' title="bbox 299 1023 2112 2122">
     <span class='ocr_line' id='line_1_7' title="bbox 301 1023 2108 1113; baseline -0.003 -17"><span class='ocrx_word' id='word_1_70' title='bbox 301 1024 487 1113; x_wconf 77' lang='grc' dir='ltr'>θιστιῖτην,</span> <span class='ocrx_word' id='word_1_71' title='bbox 519 1024 752 1092; x_wconf 86' lang='lat' dir='ltr'><strong>Isohomaehus</strong></span> <span class='ocrx_word' id='word_1_72' title='bbox 781 1025 983 1110; x_wconf 87' lang='lat' dir='ltr'><strong>respondeus</strong></span> <span class='ocrx_word' id='word_1_73' title='bbox 1014 1025 1147 1110; x_wconf 86' lang='lat' dir='ltr'><strong>exponit</strong></span> <span class='ocrx_word' id='word_1_74' title='bbox 1174 1025 1209 1090; x_wconf 90' lang='lat' dir='ltr'><strong>in</strong></span> <span class='ocrx_word' id='word_1_75' title='bbox 1236 1024 1386 1091; x_wconf 90' lang='lat' dir='ltr'><strong>omnibus</strong></span> <span class='ocrx_word' id='word_1_76' title='bbox 1416 1023 1515 1091; x_wconf 86' lang='lat' dir='ltr'><strong>rebus</strong></span> <span class='ocrx_word' id='word_1_77' title='bbox 1545 1024 1681 1108; x_wconf 79' lang='lat' dir='ltr'><strong>agendis</strong></span> <span class='ocrx_word' id='word_1_78' title='bbox 1714 1045 1752 1090; x_wconf 93' lang='lat' dir='ltr'><strong>eo</strong></span> <span class='ocrx_word' id='word_1_79' title='bbox 1781 1023 1929 1091; x_wconf 86' lang='lat' dir='ltr'><strong>homines</strong></span> <span class='ocrx_word' id='word_1_80' title='bbox 1957 1025 2044 1090; x_wconf 89' lang='lat' dir='ltr'><strong>inter</strong></span> <span class='ocrx_word' id='word_1_81' title='bbox 2073 1043 2108 1090; x_wconf 93' lang='lat' dir='ltr'><strong>se</strong></span> 
     </span>
     <span class='ocr_line' id='line_1_8' title="bbox 300 1135 2108 1224; baseline -0.002 -19"><span class='ocrx_word' id='word_1_82' title='bbox 300 1137 443 1217; x_wconf 80' lang='lat' dir='ltr'><strong>differre,</strong></span> <span class='ocrx_word' id='word_1_83' title='bbox 465 1137 554 1222; x_wconf 91' lang='lat' dir='ltr'><strong>quod</strong></span> <span class='ocrx_word' id='word_1_84' title='bbox 572 1138 638 1203; x_wconf 91' lang='lat' dir='ltr'><strong>sint</strong></span> <span class='ocrx_word' id='word_1_85' title='bbox 659 1136 716 1204; x_wconf 83' lang='lat' dir='ltr'><strong>alii</strong></span> <span class='ocrx_word' id='word_1_86' title='bbox 737 1135 842 1220; x_wconf 88' lang='lat' dir='ltr'><strong>magis</strong></span> <span class='ocrx_word' id='word_1_87' title='bbox 864 1136 922 1202; x_wconf 85' lang='lat' dir='ltr'><strong>alii</strong></span> <span class='ocrx_word' id='word_1_88' title='bbox 943 1137 1050 1206; x_wconf 88' lang='lat' dir='ltr'><strong>minus</strong></span> <span class='ocrx_word' id='word_1_89' title='bbox 1069 1137 1169 1221; x_wconf 90' lang='lat' dir='ltr'><strong>periti</strong></span> <span class='ocrx_word' id='word_1_90' title='bbox 1190 1135 1383 1224; x_wconf 88' lang='lat' dir='ltr'><strong>imperandi,</strong></span> <span class='ocrx_word' id='word_1_91' title='bbox 1405 1141 1505 1220; x_wconf 87' lang='lat' dir='ltr'><strong>atque</strong></span> <span class='ocrx_word' id='word_1_92' title='bbox 1527 1136 1609 1220; x_wconf 88' lang='lat' dir='ltr'><strong>regii</strong></span> <span class='ocrx_word' id='word_1_93' title='bbox 1631 1135 1755 1220; x_wconf 85' lang='lat' dir='ltr'><strong>aliquid</strong></span> <span class='ocrx_word' id='word_1_94' title='bbox 1775 1137 1809 1202; x_wconf 91' lang='lat' dir='ltr'><strong>in</strong></span> <span class='ocrx_word' id='word_1_95' title='bbox 1832 1157 1870 1203; x_wconf 91' lang='lat' dir='ltr'><strong>eo</strong></span> <span class='ocrx_word' id='word_1_96' title='bbox 1889 1137 2029 1216; x_wconf 91' lang='lat' dir='ltr'><strong>homine,</strong></span> <span class='ocrx_word' id='word_1_97' title='bbox 2050 1137 2108 1220; x_wconf 90' lang='lat' dir='ltr'><strong>qui</strong></span> 
     </span>
     <span class='ocr_line' id='line_1_9' title="bbox 302 1247 2108 1337; baseline -0.002 -19"><span class='ocrx_word' id='word_1_98' title='bbox 302 1251 406 1337; x_wconf 88' lang='lat' dir='ltr'><strong>possit</strong></span> <span class='ocrx_word' id='word_1_99' title='bbox 425 1251 598 1335; x_wconf 87' lang='lat' dir='ltr'><strong>imperare,</strong></span> <span class='ocrx_word' id='word_1_100' title='bbox 616 1248 729 1315; x_wconf 83' lang='lat' dir='ltr'><strong>divini</strong></span> <span class='ocrx_word' id='word_1_101' title='bbox 748 1268 826 1315; x_wconf 81' lang='lat' dir='ltr'><strong>vero</strong></span> <span class='ocrx_word' id='word_1_102' title='bbox 849 1250 960 1327; x_wconf 87' lang='lat' dir='ltr'><strong>ineo,</strong></span> <span class='ocrx_word' id='word_1_103' title='bbox 992 1250 1048 1333; x_wconf 89' lang='lat' dir='ltr'><strong>qui</strong></span> <span class='ocrx_word' id='word_1_104' title='bbox 1070 1247 1254 1316; x_wconf 82' lang='lat' dir='ltr'><strong>volentibus</strong></span> <span class='ocrx_word' id='word_1_105' title='bbox 1274 1250 1430 1334; x_wconf 87' lang='lat' dir='ltr'><strong>imperet,</strong></span> <span class='ocrx_word' id='word_1_106' title='bbox 1458 1248 1574 1314; x_wconf 87' lang='lat' dir='ltr'><strong>inesse.</strong></span> <span class='ocrx_word' id='word_1_107' title='bbox 1619 1248 1711 1328; x_wconf 81' lang='lat' dir='ltr'><strong>Quae</strong></span> <span class='ocrx_word' id='word_1_108' title='bbox 1733 1249 1866 1315; x_wconf 87' lang='lat' dir='ltr'><strong>tandem</strong></span> <span class='ocrx_word' id='word_1_109' title='bbox 1887 1249 1973 1316; x_wconf 87' lang='lat' dir='ltr'><strong>ratio</strong></span> <span class='ocrx_word' id='word_1_110' title='bbox 1997 1249 2108 1316; x_wconf 88' lang='lat' dir='ltr'><strong>lseho-</strong></span> 
     </span>
     <span class='ocr_line' id='line_1_10' title="bbox 299 1359 2108 1446; baseline -0.003 -15"><span class='ocrx_word' id='word_1_111' title='bbox 299 1363 453 1432; x_wconf 83' lang='lat' dir='ltr'><strong>maehum</strong></span> <span class='ocrx_word' id='word_1_112' title='bbox 474 1362 651 1430; x_wconf 85' lang='lat' dir='ltr'><strong>adduxisse</strong></span> <span class='ocrx_word' id='word_1_113' title='bbox 672 1361 841 1440; x_wconf 78' lang='lat' dir='ltr'><strong>rideatur,</strong></span> <span class='ocrx_word' id='word_1_114' title='bbox 872 1367 910 1426; x_wconf 92' lang='lat' dir='ltr'><strong>ut</strong></span> <span class='ocrx_word' id='word_1_115' title='bbox 938 1361 1022 1426; x_wconf 86' lang='lat' dir='ltr'><strong>haee</strong></span> <span class='ocrx_word' id='word_1_116' title='bbox 1051 1381 1136 1446; x_wconf 92' lang='lat' dir='ltr'><strong>quae</strong></span> <span class='ocrx_word' id='word_1_117' title='bbox 1168 1359 1374 1446; x_wconf 85' lang='lat' dir='ltr'><strong>respondisse</strong></span> <span class='ocrx_word' id='word_1_118' title='bbox 1404 1359 1525 1426; x_wconf 86' lang='lat' dir='ltr'><strong>dieitur</strong></span> <span class='ocrx_word' id='word_1_119' title='bbox 1551 1359 1681 1427; x_wconf 80' lang='lat' dir='ltr'><strong>Socrati</strong></span> <span class='ocrx_word' id='word_1_120' title='bbox 1703 1359 1933 1444; x_wconf 80' lang='lat' dir='ltr'><strong>responderet,</strong></span> <span class='ocrx_word' id='word_1_121' title='bbox 1963 1362 2108 1444; x_wconf 86' lang='lat' dir='ltr'><strong>itemque</strong></span> 
     </span>
     <span class='ocr_line' id='line_1_11' title="bbox 300 1472 2108 1558; baseline -0.002 -16"><span class='ocrx_word' id='word_1_122' title='bbox 300 1476 486 1556; x_wconf 73' lang='lat' dir='ltr'><strong>Socratem,</strong></span> <span class='ocrx_word' id='word_1_123' title='bbox 516 1480 554 1542; x_wconf 92' lang='lat' dir='ltr'><strong>ut</strong></span> <span class='ocrx_word' id='word_1_124' title='bbox 583 1495 653 1540; x_wconf 91' lang='lat' dir='ltr'><strong>rem</strong></span> <span class='ocrx_word' id='word_1_125' title='bbox 681 1472 771 1541; x_wconf 88' lang='lat' dir='ltr'><strong>haud</strong></span> <span class='ocrx_word' id='word_1_126' title='bbox 798 1474 902 1540; x_wconf 84' lang='lat' dir='ltr'><strong>levem</strong></span> <span class='ocrx_word' id='word_1_127' title='bbox 932 1493 1004 1540; x_wconf 88' lang='lat' dir='ltr'><strong>earn</strong></span> <span class='ocrx_word' id='word_1_128' title='bbox 1027 1473 1159 1558; x_wconf 88' lang='lat' dir='ltr'><strong>quidem</strong></span> <span class='ocrx_word' id='word_1_129' title='bbox 1180 1493 1241 1558; x_wconf 89' lang='lat' dir='ltr'><strong>pro</strong></span> <span class='ocrx_word' id='word_1_130' title='bbox 1263 1477 1455 1558; x_wconf 86' lang='lat' dir='ltr'><strong>argumento</strong></span> <span class='ocrx_word' id='word_1_131' title='bbox 1475 1473 1565 1556; x_wconf 89' lang='lat' dir='ltr'><strong>ipso,</strong></span> <span class='ocrx_word' id='word_1_132' title='bbox 1596 1477 1727 1557; x_wconf 84' lang='lat' dir='ltr'><strong>partem</strong></span> <span class='ocrx_word' id='word_1_133' title='bbox 1747 1492 1809 1556; x_wconf 89' lang='lat' dir='ltr'><strong>pro</strong></span> <span class='ocrx_word' id='word_1_134' title='bbox 1826 1473 1927 1541; x_wconf 88' lang='lat' dir='ltr'><strong>tetius</strong></span> <span class='ocrx_word' id='word_1_135' title='bbox 1949 1473 2108 1540; x_wconf 87' lang='lat' dir='ltr'><strong>sermonis</strong></span> 
     </span>
     <span class='ocr_line' id='line_1_12' title="bbox 300 1583 2110 1672; baseline -0.002 -18"><span class='ocrx_word' id='word_1_136' title='bbox 300 1587 463 1672; x_wconf 79' lang='lat' dir='ltr'><strong>principio</strong></span> <span class='ocrx_word' id='word_1_137' title='bbox 486 1593 521 1652; x_wconf 88' lang='lat' dir='ltr'><strong>et</strong></span> <span class='ocrx_word' id='word_1_138' title='bbox 541 1587 752 1654; x_wconf 80' lang='lat' dir='ltr'><strong>hundamento</strong></span> <span class='ocrx_word' id='word_1_139' title='bbox 775 1586 931 1664; x_wconf 89' lang='lat' dir='ltr'><strong>haberet,</strong></span> <span class='ocrx_word' id='word_1_140' title='bbox 961 1606 1026 1653; x_wconf 92' lang='lat' dir='ltr'><strong>non</strong></span> <span class='ocrx_word' id='word_1_141' title='bbox 1058 1591 1109 1653; x_wconf 91' lang='lat' dir='ltr'><strong>est</strong></span> <span class='ocrx_word' id='word_1_142' title='bbox 1130 1607 1189 1652; x_wconf 89' lang='lat' dir='ltr'><strong>our</strong></span> <span class='ocrx_word' id='word_1_143' title='bbox 1216 1585 1258 1652; x_wconf 89' lang='lat' dir='ltr'><strong>de</strong></span> <span class='ocrx_word' id='word_1_144' title='bbox 1280 1605 1321 1651; x_wconf 89' lang='lat' dir='ltr'><strong>ea</strong></span> <span class='ocrx_word' id='word_1_145' title='bbox 1341 1605 1378 1651; x_wconf 90' lang='lat' dir='ltr'><strong>re</strong></span> <span class='ocrx_word' id='word_1_146' title='bbox 1397 1584 1495 1668; x_wconf 89' lang='lat' dir='ltr'><strong>plura</strong></span> <span class='ocrx_word' id='word_1_147' title='bbox 1516 1583 1633 1652; x_wconf 86' lang='lat' dir='ltr'><strong>diuam.</strong></span> <span class='ocrx_word' id='word_1_148' title='bbox 1677 1583 1742 1650; x_wconf 84' lang='lat' dir='ltr'><strong>Sed</strong></span> <span class='ocrx_word' id='word_1_149' title='bbox 1765 1585 1912 1669; x_wconf 83' lang='lat' dir='ltr'><strong>quamvis</strong></span> <span class='ocrx_word' id='word_1_150' title='bbox 1930 1583 2110 1670; x_wconf 86' lang='lat' dir='ltr'><strong>prudenter</strong></span> 
     </span>
     <span class='ocr_line' id='line_1_13' title="bbox 301 1695 2110 1784; baseline -0.002 -16"><span class='ocrx_word' id='word_1_151' title='bbox 301 1702 367 1768; x_wconf 80' lang='lat' dir='ltr'><strong>ists</strong></span> <span class='ocrx_word' id='word_1_152' title='bbox 387 1701 455 1766; x_wconf 89' lang='lat' dir='ltr'><strong>sire</strong></span> <span class='ocrx_word' id='word_1_153' title='bbox 478 1699 521 1766; x_wconf 91' lang='lat' dir='ltr'><strong>ab</strong></span> <span class='ocrx_word' id='word_1_154' title='bbox 542 1700 614 1784; x_wconf 89' lang='lat' dir='ltr'><strong>ipso</strong></span> <span class='ocrx_word' id='word_1_155' title='bbox 638 1699 854 1784; x_wconf 83' lang='lat' dir='ltr'><strong>Xenophonte</strong></span> <span class='ocrx_word' id='word_1_156' title='bbox 875 1700 942 1765; x_wconf 85' lang='lat' dir='ltr'><strong>sire</strong></span> <span class='ocrx_word' id='word_1_157' title='bbox 965 1697 1155 1783; x_wconf 78' lang='lat' dir='ltr'><strong>equolihet</strong></span> <span class='ocrx_word' id='word_1_158' title='bbox 1176 1695 1242 1764; x_wconf 87' lang='lat' dir='ltr'><strong>alio</strong></span> <span class='ocrx_word' id='word_1_159' title='bbox 1264 1718 1305 1764; x_wconf 85' lang='lat' dir='ltr'><strong>ex</strong></span> <span class='ocrx_word' id='word_1_160' title='bbox 1327 1716 1398 1781; x_wconf 85' lang='lat' dir='ltr'><strong>esp.</strong></span> <span class='ocrx_word' id='word_1_161' title='bbox 1422 1701 1459 1763; x_wconf 83' lang='lat'><strong>13</strong></span> <span class='ocrx_word' id='word_1_162' title='bbox 1480 1697 1623 1781; x_wconf 86' lang='lat' dir='ltr'><strong>repetita</strong></span> <span class='ocrx_word' id='word_1_163' title='bbox 1644 1697 1725 1780; x_wconf 88' lang='lat' dir='ltr'><strong>sint,</strong></span> <span class='ocrx_word' id='word_1_164' title='bbox 1755 1717 1796 1764; x_wconf 91' lang='lat' dir='ltr'><strong>ne</strong></span> <span class='ocrx_word' id='word_1_165' title='bbox 1816 1697 1942 1764; x_wconf 90' lang='lat' dir='ltr'><strong>soilioet</strong></span> <span class='ocrx_word' id='word_1_166' title='bbox 1962 1697 2110 1782; x_wconf 82' lang='lat' dir='ltr'><strong>epilogus</strong></span> 
     </span>
     <span class='ocr_line' id='line_1_14' title="bbox 301 1808 2111 1895; baseline -0.002 -16"><span class='ocrx_word' id='word_1_167' title='bbox 301 1811 417 1880; x_wconf 89' lang='lat' dir='ltr'><strong>deesse</strong></span> <span class='ocrx_word' id='word_1_168' title='bbox 444 1811 626 1891; x_wconf 82' lang='lat' dir='ltr'><strong>rideretur,</strong></span> <span class='ocrx_word' id='word_1_169' title='bbox 656 1817 767 1878; x_wconf 85' lang='lat' dir='ltr'><strong>temen</strong></span> <span class='ocrx_word' id='word_1_170' title='bbox 794 1809 846 1878; x_wconf 82' lang='lat' dir='ltr'><strong>rel</strong></span> <span class='ocrx_word' id='word_1_171' title='bbox 874 1831 948 1878; x_wconf 90' lang='lat' dir='ltr'><strong>oum</strong></span> <span class='ocrx_word' id='word_1_172' title='bbox 976 1809 1040 1877; x_wconf 88' lang='lat' dir='ltr'><strong>hae</strong></span> <span class='ocrx_word' id='word_1_173' title='bbox 1066 1810 1252 1877; x_wconf 88' lang='lat' dir='ltr'><strong>aooeseione</strong></span> <span class='ocrx_word' id='word_1_174' title='bbox 1279 1829 1414 1875; x_wconf 89' lang='lat' dir='ltr'><strong>maneus</strong></span> <span class='ocrx_word' id='word_1_175' title='bbox 1444 1814 1495 1875; x_wconf 86' lang='lat' dir='ltr'><strong>est</strong></span> <span class='ocrx_word' id='word_1_176' title='bbox 1522 1808 1662 1876; x_wconf 88' lang='lat' dir='ltr'><strong>libellus.</strong></span> <span class='ocrx_word' id='word_1_177' title='bbox 1705 1809 1864 1895; x_wconf 79' lang='lat' dir='ltr'><strong>Colloquii</strong></span> <span class='ocrx_word' id='word_1_178' title='bbox 1893 1809 1989 1890; x_wconf 90' lang='lat' dir='ltr'><strong>enim,</strong></span> <span class='ocrx_word' id='word_1_179' title='bbox 2022 1808 2111 1894; x_wconf 89' lang='lat' dir='ltr'><strong>quod</strong></span> 
     </span>
     <span class='ocr_line' id='line_1_15' title="bbox 301 1919 2112 2009; baseline -0.002 -18"><span class='ocrx_word' id='word_1_180' title='bbox 301 1924 445 1992; x_wconf 88' lang='lat' dir='ltr'><strong>institnit</strong></span> <span class='ocrx_word' id='word_1_181' title='bbox 468 1923 621 1991; x_wconf 81' lang='lat' dir='ltr'><strong>Socrates</strong></span> <span class='ocrx_word' id='word_1_182' title='bbox 642 1944 716 1989; x_wconf 87' lang='lat' dir='ltr'><strong>oum</strong></span> <span class='ocrx_word' id='word_1_183' title='bbox 738 1921 922 2004; x_wconf 80' lang='lat' dir='ltr'><strong>Critobulo,</strong></span> <span class='ocrx_word' id='word_1_184' title='bbox 955 1923 1012 2007; x_wconf 89' lang='lat' dir='ltr'><strong>qui</strong></span> <span class='ocrx_word' id='word_1_185' title='bbox 1032 1921 1107 1988; x_wconf 89' lang='lat' dir='ltr'><strong>finis</strong></span> <span class='ocrx_word' id='word_1_186' title='bbox 1134 1920 1242 1988; x_wconf 69' lang='lat' dir='ltr'><strong>metus</strong></span> <span class='ocrx_word' id='word_1_187' title='bbox 1262 1922 1314 2002; x_wconf 74' lang='lat' dir='ltr'><strong>sit,</strong></span> <span class='ocrx_word' id='word_1_188' title='bbox 1336 1929 1402 1986; x_wconf 87' lang='lat' dir='ltr'><strong>non</strong></span> <span class='ocrx_word' id='word_1_189' title='bbox 1423 1919 1587 2002; x_wconf 85' lang='lat' dir='ltr'><strong>ridemus,</strong></span> <span class='ocrx_word' id='word_1_190' title='bbox 1618 1941 1755 2006; x_wconf 73' lang='lat' dir='ltr'><strong>musque</strong></span> <span class='ocrx_word' id='word_1_191' title='bbox 1777 1921 1907 2009; x_wconf 88' lang='lat' dir='ltr'><strong>eulpam</strong></span> <span class='ocrx_word' id='word_1_192' title='bbox 1928 1921 2112 2009; x_wconf 85' lang='lat' dir='ltr'><strong>Xenophon</strong></span> 
     </span>
     <span class='ocr_line' id='line_1_16' title="bbox 301 2035 1162 2122; baseline -0.008 -18"><span class='ocrx_word' id='word_1_193' title='bbox 301 2037 372 2122; x_wconf 90' lang='lat' dir='ltr'><strong>ipse</strong></span> <span class='ocrx_word' id='word_1_194' title='bbox 394 2035 494 2104; x_wconf 89' lang='lat' dir='ltr'><strong>debet</strong></span> <span class='ocrx_word' id='word_1_195' title='bbox 515 2043 695 2120; x_wconf 83' lang='lat' dir='ltr'><strong>praestare.</strong></span> <span class='ocrx_word' id='word_1_196' title='bbox 1159 2101 1162 2108; x_wconf 69' lang='grc'><em>,</em></span> 
     </span>
    </p>

    <p class='ocr_par' dir='ltr' id='par_1_4' title="bbox 301 2145 2115 2566">
     <span class='ocr_line' id='line_1_17' title="bbox 458 2145 2110 2231; baseline -0.001 -17"><span class='ocrx_word' id='word_1_197' title='bbox 458 2147 531 2214; x_wconf 84' lang='lat' dir='ltr'><strong>Hau</strong></span> <span class='ocrx_word' id='word_1_198' title='bbox 552 2154 663 2215; x_wconf 89' lang='lat' dir='ltr'><strong>autem</strong></span> <span class='ocrx_word' id='word_1_199' title='bbox 684 2145 725 2214; x_wconf 89' lang='lat' dir='ltr'><strong>de</strong></span> <span class='ocrx_word' id='word_1_200' title='bbox 747 2167 849 2214; x_wconf 89' lang='lat' dir='ltr'><strong>eausa</strong></span> <span class='ocrx_word' id='word_1_201' title='bbox 868 2145 1157 2231; x_wconf 87' lang='lat' dir='ltr'><strong>prudentissimum</strong></span> <span class='ocrx_word' id='word_1_202' title='bbox 1175 2145 1368 2230; x_wconf 75' lang='lat' dir='ltr'><strong>scriptorem</strong></span> <span class='ocrx_word' id='word_1_203' title='bbox 1389 2145 1589 2230; x_wconf 78' lang='lat' dir='ltr'><strong>vituperare,</strong></span> <span class='ocrx_word' id='word_1_204' title='bbox 1618 2145 1706 2231; x_wconf 91' lang='lat' dir='ltr'><strong>quod</strong></span> <span class='ocrx_word' id='word_1_205' title='bbox 1726 2145 1817 2212; x_wconf 84' lang='lat' dir='ltr'><strong>nulla</strong></span> <span class='ocrx_word' id='word_1_206' title='bbox 1837 2147 1907 2214; x_wconf 83' lang='lat' dir='ltr'><strong>iere</strong></span> <span class='ocrx_word' id='word_1_207' title='bbox 1929 2153 2001 2214; x_wconf 88' lang='lat' dir='ltr'><strong>arte</strong></span> <span class='ocrx_word' id='word_1_208' title='bbox 2023 2167 2110 2214; x_wconf 87' lang='lat' dir='ltr'><strong>eorn-</strong></span> 
     </span>
     <span class='ocr_line' id='line_1_18' title="bbox 303 2258 2110 2346; baseline -0.002 -18"><span class='ocrx_word' id='word_1_209' title='bbox 303 2263 429 2346; x_wconf 89' lang='lat' dir='ltr'><strong>poeitus</strong></span> <span class='ocrx_word' id='word_1_210' title='bbox 451 2261 496 2328; x_wconf 86' lang='lat' dir='ltr'><strong>sit</strong></span> <span class='ocrx_word' id='word_1_211' title='bbox 517 2259 662 2338; x_wconf 90' lang='lat' dir='ltr'><strong>libellus,</strong></span> <span class='ocrx_word' id='word_1_212' title='bbox 693 2259 932 2346; x_wconf 86' lang='lat' dir='ltr'><strong>imprudentiae</strong></span> <span class='ocrx_word' id='word_1_213' title='bbox 954 2265 1013 2326; x_wconf 86' lang='lat' dir='ltr'><strong>eet.</strong></span> <span class='ocrx_word' id='word_1_214' title='bbox 1056 2258 1167 2324; x_wconf 89' lang='lat' dir='ltr'><strong>Pauea</strong></span> <span class='ocrx_word' id='word_1_215' title='bbox 1194 2263 1286 2338; x_wconf 86' lang='lat' dir='ltr'><strong>sunt,</strong></span> <span class='ocrx_word' id='word_1_216' title='bbox 1314 2278 1400 2342; x_wconf 90' lang='lat' dir='ltr'><strong>quae</strong></span> <span class='ocrx_word' id='word_1_217' title='bbox 1428 2258 1655 2343; x_wconf 83' lang='lat' dir='ltr'><strong>requiruntur3</strong></span> <span class='ocrx_word' id='word_1_218' title='bbox 1686 2279 1770 2342; x_wconf 85' lang='lat' dir='ltr'><strong>quae</strong></span> <span class='ocrx_word' id='word_1_219' title='bbox 1801 2259 1955 2342; x_wconf 90' lang='lat' dir='ltr'><strong>quoniam</strong></span> <span class='ocrx_word' id='word_1_220' title='bbox 1985 2258 2110 2326; x_wconf 89' lang='lat' dir='ltr'><strong>abillo</strong></span> 
     </span>
     <span class='ocr_line' id='line_1_19' title="bbox 302 2369 2111 2456; baseline -0.002 -15"><span class='ocrx_word' id='word_1_221' title='bbox 302 2373 417 2441; x_wconf 88' lang='lat' dir='ltr'><strong>addita</strong></span> <span class='ocrx_word' id='word_1_222' title='bbox 437 2393 503 2439; x_wconf 91' lang='lat' dir='ltr'><strong>non</strong></span> <span class='ocrx_word' id='word_1_223' title='bbox 525 2377 619 2450; x_wconf 90' lang='lat' dir='ltr'><strong>sunt,</strong></span> <span class='ocrx_word' id='word_1_224' title='bbox 642 2392 715 2437; x_wconf 89' lang='lat' dir='ltr'><strong>eum</strong></span> <span class='ocrx_word' id='word_1_225' title='bbox 738 2371 821 2452; x_wconf 88' lang='lat' dir='ltr'><strong>aliis,</strong></span> <span class='ocrx_word' id='word_1_226' title='bbox 843 2391 928 2456; x_wconf 92' lang='lat' dir='ltr'><strong>quae</strong></span> <span class='ocrx_word' id='word_1_227' title='bbox 956 2369 998 2436; x_wconf 90' lang='lat' dir='ltr'><strong>de</strong></span> <span class='ocrx_word' id='word_1_228' title='bbox 1020 2369 1155 2437; x_wconf 87' lang='lat' dir='ltr'><strong>Sourate</strong></span> <span class='ocrx_word' id='word_1_229' title='bbox 1177 2371 1355 2454; x_wconf 78' lang='lat' dir='ltr'><strong>arripuerat</strong></span> <span class='ocrx_word' id='word_1_230' title='bbox 1385 2377 1444 2437; x_wconf 85' lang='lat' dir='ltr'><strong>aut</strong></span> <span class='ocrx_word' id='word_1_231' title='bbox 1470 2371 1614 2438; x_wconf 82' lang='lat' dir='ltr'><strong>seribere</strong></span> <span class='ocrx_word' id='word_1_232' title='bbox 1642 2371 1677 2436; x_wconf 90' lang='lat' dir='ltr'><strong>in</strong></span> <span class='ocrx_word' id='word_1_233' title='bbox 1706 2371 1815 2437; x_wconf 88' lang='lat' dir='ltr'><strong>animo</strong></span> <span class='ocrx_word' id='word_1_234' title='bbox 1836 2369 1995 2450; x_wconf 87' lang='lat' dir='ltr'><strong>habebat,</strong></span> <span class='ocrx_word' id='word_1_235' title='bbox 2024 2371 2111 2438; x_wconf 91' lang='lat' dir='ltr'><strong>huno</strong></span> 
     </span>
     <span class='ocr_line' id='line_1_20' title="bbox 301 2458 2115 2566; baseline -0.003 -14"><span class='ocrx_word' id='word_1_236' title='bbox 301 2505 484 2553; x_wconf 89' lang='lat' dir='ltr'><strong>sermonem</strong></span> <span class='ocrx_word' id='word_1_237' title='bbox 507 2505 582 2552; x_wconf 91' lang='lat' dir='ltr'><strong>eum</strong></span> <span class='ocrx_word' id='word_1_238' title='bbox 604 2484 808 2550; x_wconf 78' lang='lat' dir='ltr'><strong>contexuisse</strong></span> <span class='ocrx_word' id='word_1_239' title='bbox 832 2489 890 2550; x_wconf 89' lang='lat' dir='ltr'><strong>aut</strong></span> <span class='ocrx_word' id='word_1_240' title='bbox 914 2488 1087 2549; x_wconf 78' lang='lat' dir='ltr'><strong>contexere</strong></span> <span class='ocrx_word' id='word_1_241' title='bbox 1109 2480 1250 2549; x_wconf 85' lang='lat' dir='ltr'><strong>voluisse</strong></span> <span class='ocrx_word' id='word_1_242' title='bbox 1272 2480 1504 2566; x_wconf 80' lang='lat' dir='ltr'><strong>suspirandum</strong></span> <span class='ocrx_word' id='word_1_243' title='bbox 1523 2488 1582 2549; x_wconf 91' lang='lat' dir='ltr'><strong>est.</strong></span> <span class='ocrx_word' id='word_1_244' title='bbox 2108 2458 2115 2486; x_wconf 70' lang='lat'><strong><em>‘</em></strong></span> 
     </span>
    </p>
   </div>
   <div class='ocr_carea' id='block_1_4' title="bbox 1171 2823 1253 2906">
    <p class='ocr_par' dir='ltr' id='par_1_5' title="bbox 1171 2823 1253 2906">
     <span class='ocr_line' id='line_1_21' title="bbox 1171 2823 1253 2906; baseline -0.024 0"><span class='ocrx_word' id='word_1_245' title='bbox 1171 2823 1253 2906; x_wconf 92' lang='grc' dir='ltr'><strong>Π.</strong></span> 
     </span>
    </p>
   </div>
   <div class='ocr_carea' id='block_1_5' title="bbox 303 3041 2115 5037">
    <p class='ocr_par' dir='ltr' id='par_1_6' title="bbox 303 3041 2115 5037">
     <span class='ocr_line' id='line_1_22' title="bbox 460 3041 2111 3129; baseline 0.001 -19"><span class='ocrx_word' id='word_1_246' title='bbox 460 3043 658 3129; x_wconf 81' lang='lat' dir='ltr'><strong>Xenophon,</strong></span> <span class='ocrx_word' id='word_1_247' title='bbox 680 3045 726 3123; x_wconf 91' lang='lat' dir='ltr'><strong>si,</strong></span> <span class='ocrx_word' id='word_1_248' title='bbox 748 3050 786 3110; x_wconf 90' lang='lat' dir='ltr'><strong>ut</strong></span> <span class='ocrx_word' id='word_1_249' title='bbox 807 3043 953 3124; x_wconf 78' lang='lat' dir='ltr'><strong>videtum,</strong></span> <span class='ocrx_word' id='word_1_250' title='bbox 981 3049 1058 3128; x_wconf 88' lang='lat' dir='ltr'><strong>post</strong></span> <span class='ocrx_word' id='word_1_251' title='bbox 1078 3063 1199 3110; x_wconf 87' lang='lat' dir='ltr'><strong>annum</strong></span> <span class='ocrx_word' id='word_1_252' title='bbox 1222 3048 1287 3110; x_wconf 79' lang='lat'><strong>430</strong></span> <span class='ocrx_word' id='word_1_253' title='bbox 1308 3048 1407 3110; x_wconf 86' lang='lat' dir='ltr'><strong>natus</strong></span> <span class='ocrx_word' id='word_1_254' title='bbox 1429 3049 1481 3110; x_wconf 91' lang='lat' dir='ltr'><strong>est</strong></span> <span class='ocrx_word' id='word_1_255' title='bbox 1502 3041 1557 3127; x_wconf 84' lang='lat' dir='ltr'><strong>(ef.</strong></span> <span class='ocrx_word' id='word_1_256' title='bbox 1579 3041 1704 3124; x_wconf 87' lang='lat' dir='ltr'><strong>Zeller,</strong></span> <span class='ocrx_word' id='word_1_257' title='bbox 1724 3042 1808 3108; x_wconf 84' lang='lat' dir='ltr'><strong>llist</strong></span> <span class='ocrx_word' id='word_1_258' title='bbox 1830 3043 1909 3128; x_wconf 85' lang='lat' dir='ltr'><strong>phil</strong></span> <span class='ocrx_word' id='word_1_259' title='bbox 1932 3063 1979 3128; x_wconf 89' lang='lat' dir='ltr'><strong>gr.</strong></span> <span class='ocrx_word' id='word_1_260' title='bbox 2001 3042 2058 3124; x_wconf 75' lang='lat'><strong>11⁸,</strong></span> <span class='ocrx_word' id='word_1_261' title='bbox 2084 3050 2111 3126; x_wconf 86' lang='lat'><strong>1,</strong></span> 
     </span>
     <span class='ocr_line' id='line_1_23' title="bbox 308 3154 2112 3242; baseline -0.002 -17"><span class='ocrx_word' id='word_1_262' title='bbox 308 3163 369 3225; x_wconf 84' lang='grc'><strong>198</strong></span> <span class='ocrx_word' id='word_1_263' title='bbox 386 3178 444 3242; x_wconf 84' lang='lat' dir='ltr'><strong>sq,</strong></span> <span class='ocrx_word' id='word_1_264' title='bbox 467 3157 647 3240; x_wconf 87' lang='lat' dir='ltr'><strong>Requette,</strong></span> <span class='ocrx_word' id='word_1_265' title='bbox 669 3155 719 3222; x_wconf 88' lang='lat' dir='ltr'><strong>De</strong></span> <span class='ocrx_word' id='word_1_266' title='bbox 740 3155 967 3242; x_wconf 89' lang='lat' dir='ltr'><strong>Xenophontis</strong></span> <span class='ocrx_word' id='word_1_267' title='bbox 989 3157 1109 3242; x_wconf 83' lang='lat' dir='ltr'><strong>vitup.</strong></span> <span class='ocrx_word' id='word_1_268' title='bbox 1133 3161 1252 3240; x_wconf 76' lang='lat' dir='ltr'><strong>sssqq,</strong></span> <span class='ocrx_word' id='word_1_269' title='bbox 1281 3154 1458 3235; x_wconf 83' lang='lat' dir='ltr'><strong>llertrnan,</strong></span> <span class='ocrx_word' id='word_1_270' title='bbox 1488 3154 1647 3221; x_wconf 73' lang='lat' dir='ltr'><strong>Analeeta</strong></span> <span class='ocrx_word' id='word_1_271' title='bbox 1668 3154 1905 3240; x_wconf 76' lang='lat' dir='ltr'><strong>Xenophonteo</strong></span> <span class='ocrx_word' id='word_1_272' title='bbox 1925 3177 1958 3241; x_wconf 93' lang='lat' dir='ltr'><strong>p.</strong></span> <span class='ocrx_word' id='word_1_273' title='bbox 1982 3160 1997 3221; x_wconf 93' lang='lat' dir='ltr'><strong>l</strong></span> <span class='ocrx_word' id='word_1_274' title='bbox 2017 3159 2112 3242; x_wconf 83' lang='lat' dir='ltr'><strong>sqq),</strong></span> 
     </span>
     <span class='ocr_line' id='line_1_24' title="bbox 307 3266 2112 3353; baseline -0.001 -17"><span class='ocrx_word' id='word_1_275' title='bbox 307 3289 410 3353; x_wconf 89' lang='lat' dir='ltr'><strong>usque</strong></span> <span class='ocrx_word' id='word_1_276' title='bbox 431 3267 475 3336; x_wconf 87' lang='lat' dir='ltr'><strong>ad</strong></span> <span class='ocrx_word' id='word_1_277' title='bbox 497 3289 618 3334; x_wconf 88' lang='lat' dir='ltr'><strong>annum</strong></span> <span class='ocrx_word' id='word_1_278' title='bbox 639 3267 760 3334; x_wconf 86' lang='lat' dir='ltr'><strong>aetatis</strong></span> <span class='ocrx_word' id='word_1_279' title='bbox 790 3268 860 3335; x_wconf 83' lang='lat' dir='ltr'><strong>lere</strong></span> <span class='ocrx_word' id='word_1_280' title='bbox 888 3268 1076 3346; x_wconf 82' lang='lat' dir='ltr'><strong>rioesimum</strong></span> <span class='ocrx_word' id='word_1_281' title='bbox 1104 3272 1254 3334; x_wconf 80' lang='lat' dir='ltr'><strong>notarum</strong></span> <span class='ocrx_word' id='word_1_282' title='bbox 1284 3274 1343 3335; x_wconf 89' lang='lat' dir='ltr'><strong>ant</strong></span> <span class='ocrx_word' id='word_1_283' title='bbox 1370 3267 1520 3352; x_wconf 88' lang='lat' dir='ltr'><strong>quintum</strong></span> <span class='ocrx_word' id='word_1_284' title='bbox 1547 3267 1656 3352; x_wconf 88' lang='lat' dir='ltr'><strong>potuit</strong></span> <span class='ocrx_word' id='word_1_285' title='bbox 1684 3267 1733 3333; x_wconf 91' lang='lat' dir='ltr'><strong>uti</strong></span> <span class='ocrx_word' id='word_1_286' title='bbox 1762 3266 1935 3353; x_wconf 85' lang='lat' dir='ltr'><strong>diaoiplina</strong></span> <span class='ocrx_word' id='word_1_287' title='bbox 1957 3267 2112 3350; x_wconf 86' lang='lat' dir='ltr'><strong>Souratie,</strong></span> 
     </span>
     <span class='ocr_line' id='line_1_25' title="bbox 306 3377 2112 3465; baseline -0.001 -17"><span class='ocrx_word' id='word_1_288' title='bbox 306 3401 366 3448; x_wconf 85' lang='lat' dir='ltr'><strong>nee</strong></span> <span class='ocrx_word' id='word_1_289' title='bbox 388 3381 496 3448; x_wconf 88' lang='lat' dir='ltr'><strong>minus</strong></span> <span class='ocrx_word' id='word_1_290' title='bbox 517 3379 658 3448; x_wconf 86' lang='lat' dir='ltr'><strong>libenter</strong></span> <span class='ocrx_word' id='word_1_291' title='bbox 680 3377 883 3464; x_wconf 86' lang='lat' dir='ltr'><strong>aliquamdiu</strong></span> <span class='ocrx_word' id='word_1_292' title='bbox 911 3381 981 3446; x_wconf 90' lang='lat' dir='ltr'><strong>sine</strong></span> <span class='ocrx_word' id='word_1_293' title='bbox 1003 3379 1102 3447; x_wconf 91' lang='lat' dir='ltr'><strong>dubio</strong></span> <span class='ocrx_word' id='word_1_294' title='bbox 1124 3381 1174 3447; x_wconf 90' lang='lat' dir='ltr'><strong>uti</strong></span> <span class='ocrx_word' id='word_1_295' title='bbox 1195 3379 1299 3446; x_wconf 83' lang='lat' dir='ltr'><strong>voluit</strong></span> <span class='ocrx_word' id='word_1_296' title='bbox 1325 3399 1424 3465; x_wconf 87' lang='lat' dir='ltr'><strong>quam</strong></span> <span class='ocrx_word' id='word_1_297' title='bbox 1444 3379 1556 3459; x_wconf 89' lang='lat' dir='ltr'><strong>Plato,</strong></span> <span class='ocrx_word' id='word_1_298' title='bbox 1589 3378 1767 3464; x_wconf 77' lang='lat' dir='ltr'><strong>discipulus</strong></span> <span class='ocrx_word' id='word_1_299' title='bbox 1797 3380 1867 3446; x_wconf 87' lang='lat' dir='ltr'><strong>eina</strong></span> <span class='ocrx_word' id='word_1_300' title='bbox 1892 3381 2112 3465; x_wconf 88' lang='lat' dir='ltr'><strong>ingeniosissi-</strong></span> 
     </span>
     <span class='ocr_line' id='line_1_26' title="bbox 305 3490 2113 3577; baseline -0.001 -17"><span class='ocrx_word' id='word_1_301' title='bbox 305 3513 378 3560; x_wconf 87' lang='lat' dir='ltr'><strong>mus</strong></span> <span class='ocrx_word' id='word_1_302' title='bbox 397 3498 434 3558; x_wconf 86' lang='lat' dir='ltr'><strong>at</strong></span> <span class='ocrx_word' id='word_1_303' title='bbox 455 3494 580 3559; x_wconf 83' lang='lat' dir='ltr'><strong>amisus</strong></span> <span class='ocrx_word' id='word_1_304' title='bbox 600 3490 817 3560; x_wconf 87' lang='lat' dir='ltr'><strong>fidelissimus.</strong></span> <span class='ocrx_word' id='word_1_305' title='bbox 861 3493 969 3577; x_wconf 75' lang='lat' dir='ltr'><strong>Atque</strong></span> <span class='ocrx_word' id='word_1_306' title='bbox 991 3513 1049 3574; x_wconf 89' lang='lat' dir='ltr'><strong>ea,</strong></span> <span class='ocrx_word' id='word_1_307' title='bbox 1079 3513 1165 3577; x_wconf 85' lang='lat' dir='ltr'><strong>quse</strong></span> <span class='ocrx_word' id='word_1_308' title='bbox 1186 3492 1263 3559; x_wconf 85' lang='lat' dir='ltr'><strong>huie</strong></span> <span class='ocrx_word' id='word_1_309' title='bbox 1285 3513 1359 3558; x_wconf 87' lang='lat' dir='ltr'><strong>oum</strong></span> <span class='ocrx_word' id='word_1_310' title='bbox 1379 3490 1515 3558; x_wconf 76' lang='grc' dir='ltr'>Βοιιιιιιι</span> <span class='ocrx_word' id='word_1_311' title='bbox 1538 3497 1628 3572; x_wconf 88' lang='lat' dir='ltr'><strong>erat,</strong></span> <span class='ocrx_word' id='word_1_312' title='bbox 1650 3491 1795 3558; x_wconf 75' lang='lat' dir='ltr'><strong>amicitia</strong></span> <span class='ocrx_word' id='word_1_313' title='bbox 1815 3491 1878 3558; x_wconf 86' lang='lat' dir='ltr'><strong>nisi</strong></span> <span class='ocrx_word' id='word_1_314' title='bbox 1897 3497 2003 3559; x_wconf 89' lang='lat' dir='ltr'><strong>morte</strong></span> <span class='ocrx_word' id='word_1_315' title='bbox 2025 3491 2113 3559; x_wconf 82' lang='lat' dir='ltr'><strong>finiri</strong></span> 
     </span>
     <span class='ocr_line' id='line_1_27' title="bbox 305 3603 2113 3690; baseline 0.001 -19"><span class='ocrx_word' id='word_1_316' title='bbox 305 3624 371 3672; x_wconf 89' lang='lat' dir='ltr'><strong>non</strong></span> <span class='ocrx_word' id='word_1_317' title='bbox 392 3604 509 3689; x_wconf 89' lang='lat' dir='ltr'><strong>potuit</strong></span> <span class='ocrx_word' id='word_1_318' title='bbox 553 3603 736 3690; x_wconf 85' lang='lat' dir='ltr'><strong>Xenophon</strong></span> <span class='ocrx_word' id='word_1_319' title='bbox 757 3611 886 3685; x_wconf 89' lang='lat' dir='ltr'><strong>autem,</strong></span> <span class='ocrx_word' id='word_1_320' title='bbox 908 3605 1038 3672; x_wconf 80' lang='lat' dir='ltr'><strong>diversa</strong></span> <span class='ocrx_word' id='word_1_321' title='bbox 1058 3603 1167 3672; x_wconf 90' lang='lat' dir='ltr'><strong>indole</strong></span> <span class='ocrx_word' id='word_1_322' title='bbox 1189 3603 1376 3690; x_wconf 87' lang='lat' dir='ltr'><strong>praeditus,</strong></span> <span class='ocrx_word' id='word_1_323' title='bbox 1398 3625 1472 3670; x_wconf 88' lang='lat' dir='ltr'><strong>oum</strong></span> <span class='ocrx_word' id='word_1_324' title='bbox 1493 3603 1611 3690; x_wconf 80' lang='lat' dir='ltr'><strong>Cyrum</strong></span> <span class='ocrx_word' id='word_1_325' title='bbox 1633 3603 1790 3670; x_wconf 89' lang='lat' dir='ltr'><strong>minorem</strong></span> <span class='ocrx_word' id='word_1_326' title='bbox 1811 3603 1933 3670; x_wconf 89' lang='lat' dir='ltr'><strong>bellum</strong></span> <span class='ocrx_word' id='word_1_327' title='bbox 1955 3605 2113 3672; x_wconf 65' lang='lat' dir='ltr'><strong>adrem</strong></span> 
     </span>
     <span class='ocr_line' id='line_1_28' title="bbox 304 3714 2110 3804; baseline 0.001 -20"><span class='ocrx_word' id='word_1_328' title='bbox 304 3715 441 3784; x_wconf 78' lang='lat' dir='ltr'><strong>tratrem</strong></span> <span class='ocrx_word' id='word_1_329' title='bbox 462 3736 582 3800; x_wconf 86' lang='lat' dir='ltr'><strong>parare</strong></span> <span class='ocrx_word' id='word_1_330' title='bbox 605 3717 825 3802; x_wconf 85' lang='lat' dir='ltr'><strong>oognovisset,</strong></span> <span class='ocrx_word' id='word_1_331' title='bbox 848 3717 994 3784; x_wconf 76' lang='lat' dir='ltr'><strong>Socratis</strong></span> <span class='ocrx_word' id='word_1_332' title='bbox 1014 3717 1259 3802; x_wconf 75' lang='lat' dir='ltr'><strong>prudentissimi</strong></span> <span class='ocrx_word' id='word_1_333' title='bbox 1281 3715 1415 3782; x_wconf 85' lang='lat' dir='ltr'><strong>oonsilio</strong></span> <span class='ocrx_word' id='word_1_334' title='bbox 1437 3721 1561 3782; x_wconf 90' lang='lat' dir='ltr'><strong>temere</strong></span> <span class='ocrx_word' id='word_1_335' title='bbox 1584 3735 1662 3783; x_wconf 89' lang='lat' dir='ltr'><strong>usus</strong></span> <span class='ocrx_word' id='word_1_336' title='bbox 1689 3714 1744 3800; x_wconf 85' lang='lat' dir='ltr'><strong>(oi.</strong></span> <span class='ocrx_word' id='word_1_337' title='bbox 1766 3715 1869 3782; x_wconf 80' lang='lat' dir='ltr'><strong>Anah.</strong></span> <span class='ocrx_word' id='word_1_338' title='bbox 1891 3716 1911 3781; x_wconf 87' lang='lat' dir='ltr'><strong>l</strong></span> <span class='ocrx_word' id='word_1_339' title='bbox 1934 3717 1982 3784; x_wconf 90' lang='lat'><strong>111</strong></span> <span class='ocrx_word' id='word_1_340' title='bbox 2004 3723 2110 3804; x_wconf 90' lang='lat' dir='ltr'><strong>eap.l</strong></span> 
     </span>
     <span class='ocr_line' id='line_1_29' title="bbox 303 3826 2113 3916; baseline 0 -20"><span class='ocrx_word' id='word_1_341' title='bbox 303 3829 468 3916; x_wconf 70' lang='lat' dir='ltr'><strong>§lsqql</strong></span> <span class='ocrx_word' id='word_1_342' title='bbox 498 3827 681 3914; x_wconf 80' lang='lat' dir='ltr'><strong>Apollinem</strong></span> <span class='ocrx_word' id='word_1_343' title='bbox 703 3829 896 3914; x_wconf 82' lang='lat' dir='ltr'><strong>Delphinum</strong></span> <span class='ocrx_word' id='word_1_344' title='bbox 927 3848 992 3896; x_wconf 91' lang='lat' dir='ltr'><strong>non</strong></span> <span class='ocrx_word' id='word_1_345' title='bbox 1023 3829 1204 3910; x_wconf 80' lang='lat' dir='ltr'><strong>consuluit,</strong></span> <span class='ocrx_word' id='word_1_346' title='bbox 1235 3834 1346 3896; x_wconf 87' lang='lat' dir='ltr'><strong>utrum</strong></span> <span class='ocrx_word' id='word_1_347' title='bbox 1373 3826 1537 3913; x_wconf 75' lang='lat' dir='ltr'><strong>proficiam</strong></span> <span class='ocrx_word' id='word_1_348' title='bbox 1567 3848 1611 3893; x_wconf 91' lang='lat' dir='ltr'><strong>an</strong></span> <span class='ocrx_word' id='word_1_349' title='bbox 1641 3847 1773 3894; x_wconf 88' lang='lat' dir='ltr'><strong>manere</strong></span> <span class='ocrx_word' id='word_1_350' title='bbox 1795 3827 1911 3894; x_wconf 90' lang='lat' dir='ltr'><strong>melius</strong></span> <span class='ocrx_word' id='word_1_351' title='bbox 1934 3829 1996 3895; x_wconf 83' lang='lat' dir='ltr'><strong>eibi</strong></span> <span class='ocrx_word' id='word_1_352' title='bbox 2017 3829 2113 3912; x_wconf 79' lang='lat' dir='ltr'><strong>foret,</strong></span> 
     </span>
     <span class='ocr_line' id='line_1_30' title="bbox 305 3939 2113 4027; baseline 0.001 -19"><span class='ocrx_word' id='word_1_353' title='bbox 305 3941 365 4008; x_wconf 85' lang='lat' dir='ltr'><strong>sed</strong></span> <span class='ocrx_word' id='word_1_354' title='bbox 385 3959 560 4025; x_wconf 83' lang='lat' dir='ltr'><strong>quemnam</strong></span> <span class='ocrx_word' id='word_1_355' title='bbox 582 3940 718 4008; x_wconf 87' lang='lat' dir='ltr'><strong>deornm</strong></span> <span class='ocrx_word' id='word_1_356' title='bbox 739 3946 894 4027; x_wconf 86' lang='lat' dir='ltr'><strong>preeatus</strong></span> <span class='ocrx_word' id='word_1_357' title='bbox 921 3941 1043 4027; x_wconf 86' lang='lat' dir='ltr'><strong>optime</strong></span> <span class='ocrx_word' id='word_1_358' title='bbox 1072 3942 1136 4008; x_wconf 87' lang='lat' dir='ltr'><strong>iter</strong></span> <span class='ocrx_word' id='word_1_359' title='bbox 1162 3939 1312 4008; x_wconf 77' lang='lat' dir='ltr'><strong>fauturus</strong></span> <span class='ocrx_word' id='word_1_360' title='bbox 1343 3948 1378 4007; x_wconf 87' lang='lat' dir='ltr'><strong>et</strong></span> <span class='ocrx_word' id='word_1_361' title='bbox 1406 3939 1576 4007; x_wconf 88' lang='lat' dir='ltr'><strong>ineolumis</strong></span> <span class='ocrx_word' id='word_1_362' title='bbox 1603 3939 1771 4007; x_wconf 86' lang='lat' dir='ltr'><strong>rediturus</strong></span> <span class='ocrx_word' id='word_1_363' title='bbox 1800 3945 1901 4018; x_wconf 86' lang='lat' dir='ltr'><strong>esset,</strong></span> <span class='ocrx_word' id='word_1_364' title='bbox 1930 3939 2113 4026; x_wconf 61' lang='lat' dir='ltr'><strong>libensque</strong></span> 
     </span>
     <span class='ocr_line' id='line_1_31' title="bbox 304 4051 2112 4137; baseline 0.001 -17"><span class='ocrx_word' id='word_1_365' title='bbox 304 4058 486 4120; x_wconf 76' lang='lat' dir='ltr'><strong>summotus</strong></span> <span class='ocrx_word' id='word_1_366' title='bbox 516 4051 656 4120; x_wconf 81' lang='lat' dir='ltr'><strong>Proxeni</strong></span> <span class='ocrx_word' id='word_1_367' title='bbox 682 4053 817 4122; x_wconf 83' lang='lat' dir='ltr'><strong>Boeotii</strong></span> <span class='ocrx_word' id='word_1_368' title='bbox 844 4053 955 4134; x_wconf 79' lang='lat' dir='ltr'><strong>amini,</strong></span> <span class='ocrx_word' id='word_1_369' title='bbox 991 4059 1030 4120; x_wconf 88' lang='lat' dir='ltr'><strong>ut</strong></span> <span class='ocrx_word' id='word_1_370' title='bbox 1067 4074 1140 4120; x_wconf 87' lang='lat' dir='ltr'><strong>oum</strong></span> <span class='ocrx_word' id='word_1_371' title='bbox 1178 4073 1217 4120; x_wconf 95' lang='lat' dir='ltr'><strong>eo</strong></span> <span class='ocrx_word' id='word_1_372' title='bbox 1252 4053 1419 4120; x_wconf 82' lang='lat' dir='ltr'><strong>fortunam</strong></span> <span class='ocrx_word' id='word_1_373' title='bbox 1453 4057 1612 4134; x_wconf 83' lang='lat' dir='ltr'><strong>tentaret,</strong></span> <span class='ocrx_word' id='word_1_374' title='bbox 1649 4053 1685 4118; x_wconf 90' lang='lat' dir='ltr'><strong>in</strong></span> <span class='ocrx_word' id='word_1_375' title='bbox 1723 4052 1834 4118; x_wconf 79' lang='lat' dir='ltr'><strong>Asiam</strong></span> <span class='ocrx_word' id='word_1_376' title='bbox 1863 4052 2029 4137; x_wconf 75' lang='lat' dir='ltr'><strong>proiectura</strong></span> <span class='ocrx_word' id='word_1_377' title='bbox 2054 4061 2112 4122; x_wconf 85' lang='lat' dir='ltr'><strong>eet</strong></span> 
     </span>
     <span class='ocr_line' id='line_1_32' title="bbox 304 4163 2113 4252; baseline 0.001 -20"><span class='ocrx_word' id='word_1_378' title='bbox 304 4165 433 4232; x_wconf 77' lang='lat' dir='ltr'><strong>Graeeo</strong></span> <span class='ocrx_word' id='word_1_379' title='bbox 462 4164 537 4252; x_wconf 76' lang='lat' dir='ltr'><strong>Cyri</strong></span> <span class='ocrx_word' id='word_1_380' title='bbox 563 4165 709 4232; x_wconf 79' lang='lat' dir='ltr'><strong>exercitu</strong></span> <span class='ocrx_word' id='word_1_381' title='bbox 736 4165 780 4232; x_wconf 85' lang='lat' dir='ltr'><strong>ad</strong></span> <span class='ocrx_word' id='word_1_382' title='bbox 808 4186 900 4232; x_wconf 88' lang='lat' dir='ltr'><strong>mare</strong></span> <span class='ocrx_word' id='word_1_383' title='bbox 930 4165 1066 4232; x_wconf 86' lang='lat' dir='ltr'><strong>redueto</strong></span> <span class='ocrx_word' id='word_1_384' title='bbox 1093 4165 1208 4232; x_wconf 90' lang='lat' dir='ltr'><strong>urbem</strong></span> <span class='ocrx_word' id='word_1_385' title='bbox 1236 4166 1280 4233; x_wconf 86' lang='lat' dir='ltr'><strong>ad</strong></span> <span class='ocrx_word' id='word_1_386' title='bbox 1313 4165 1454 4232; x_wconf 89' lang='lat' dir='ltr'><strong>Pontum</strong></span> <span class='ocrx_word' id='word_1_387' title='bbox 1482 4163 1622 4232; x_wconf 89' lang='lat' dir='ltr'><strong>eondere</strong></span> <span class='ocrx_word' id='word_1_388' title='bbox 1649 4163 1760 4232; x_wconf 86' lang='lat' dir='ltr'><strong>inritis</strong></span> <span class='ocrx_word' id='word_1_389' title='bbox 1781 4165 1939 4232; x_wconf 87' lang='lat' dir='ltr'><strong>militibus</strong></span> <span class='ocrx_word' id='word_1_390' title='bbox 1967 4171 2113 4247; x_wconf 78' lang='lat' dir='ltr'><strong>conatus,</strong></span> 
     </span>
     <span class='ocr_line' id='line_1_33' title="bbox 303 4276 2114 4364; baseline 0.001 -20"><span class='ocrx_word' id='word_1_391' title='bbox 303 4295 379 4344; x_wconf 84' lang='lat' dir='ltr'><strong>eum</strong></span> <span class='ocrx_word' id='word_1_392' title='bbox 407 4276 570 4344; x_wconf 89' lang='lat' dir='ltr'><strong>militandi</strong></span> <span class='ocrx_word' id='word_1_393' title='bbox 599 4297 699 4344; x_wconf 87' lang='lat' dir='ltr'><strong>eausa</strong></span> <span class='ocrx_word' id='word_1_394' title='bbox 729 4299 770 4344; x_wconf 85' lang='lat' dir='ltr'><strong>ex</strong></span> <span class='ocrx_word' id='word_1_395' title='bbox 792 4279 926 4344; x_wconf 81' lang='lat' dir='ltr'><strong>hainin</strong></span> <span class='ocrx_word' id='word_1_396' title='bbox 948 4277 1122 4345; x_wconf 76' lang='lat' dir='ltr'><strong>Thraciam</strong></span> <span class='ocrx_word' id='word_1_397' title='bbox 1152 4284 1252 4363; x_wconf 90' lang='lat' dir='ltr'><strong>atque</strong></span> <span class='ocrx_word' id='word_1_398' title='bbox 1280 4299 1395 4345; x_wconf 90' lang='lat' dir='ltr'><strong>rursus</strong></span> <span class='ocrx_word' id='word_1_399' title='bbox 1426 4299 1468 4344; x_wconf 78' lang='lat' dir='ltr'><strong>ex</strong></span> <span class='ocrx_word' id='word_1_400' title='bbox 1496 4276 1630 4364; x_wconf 79' lang='lat' dir='ltr'><strong>Europa</strong></span> <span class='ocrx_word' id='word_1_401' title='bbox 1658 4278 1693 4343; x_wconf 92' lang='lat' dir='ltr'><strong>in</strong></span> <span class='ocrx_word' id='word_1_402' title='bbox 1716 4278 1826 4344; x_wconf 78' lang='lat' dir='ltr'><strong>Asiam</strong></span> <span class='ocrx_word' id='word_1_403' title='bbox 1852 4277 2050 4360; x_wconf 73' lang='lat' dir='ltr'><strong>haiemsset,</strong></span> <span class='ocrx_word' id='word_1_404' title='bbox 2071 4301 2114 4346; x_wconf 88' lang='lat' dir='ltr'><strong>nu</strong></span> 
     </span>
     <span class='ocr_line' id='line_1_34' title="bbox 307 4387 2114 4475; baseline 0.001 -19"><span class='ocrx_word' id='word_1_405' title='bbox 307 4394 379 4456; x_wconf 90' lang='lat' dir='ltr'><strong>tum</strong></span> <span class='ocrx_word' id='word_1_406' title='bbox 407 4389 538 4473; x_wconf 89' lang='lat' dir='ltr'><strong>quidem</strong></span> <span class='ocrx_word' id='word_1_407' title='bbox 568 4387 741 4456; x_wconf 86' lang='lat' dir='ltr'><strong>dehrnotus</strong></span> <span class='ocrx_word' id='word_1_408' title='bbox 769 4389 958 4472; x_wconf 86' lang='lat' dir='ltr'><strong>laboribus,</strong></span> <span class='ocrx_word' id='word_1_409' title='bbox 983 4389 1171 4470; x_wconf 83' lang='lat' dir='ltr'><strong>ih&#39;ueribus,</strong></span> <span class='ocrx_word' id='word_1_410' title='bbox 1200 4389 1373 4475; x_wconf 88' lang='lat' dir='ltr'><strong>perieulis,</strong></span> <span class='ocrx_word' id='word_1_411' title='bbox 1402 4395 1575 4474; x_wconf 87' lang='lat' dir='ltr'><strong>postquam</strong></span> <span class='ocrx_word' id='word_1_412' title='bbox 1602 4409 1737 4458; x_wconf 87' lang='lat' dir='ltr'><strong>uxorem</strong></span> <span class='ocrx_word' id='word_1_413' title='bbox 1766 4390 1802 4456; x_wconf 91' lang='lat' dir='ltr'><strong>in</strong></span> <span class='ocrx_word' id='word_1_414' title='bbox 1820 4389 1901 4457; x_wconf 80' lang='lat' dir='ltr'><strong>heia</strong></span> <span class='ocrx_word' id='word_1_415' title='bbox 1923 4390 2018 4457; x_wconf 88' lang='lat' dir='ltr'><strong>duxit</strong></span> <span class='ocrx_word' id='word_1_416' title='bbox 2038 4390 2114 4458; x_wconf 87' lang='lat' dir='ltr'><strong>Phi·</strong></span> 
     </span>
     <span class='ocr_line' id='line_1_35' title="bbox 306 4499 2113 4587; baseline 0.001 -19"><span class='ocrx_word' id='word_1_417' title='bbox 306 4499 431 4582; x_wconf 87' lang='lat' dir='ltr'><strong>lesiam,</strong></span> <span class='ocrx_word' id='word_1_418' title='bbox 454 4499 641 4585; x_wconf 76' lang='lat' dir='ltr'><strong>Agesilaum</strong></span> <span class='ocrx_word' id='word_1_419' title='bbox 663 4507 795 4570; x_wconf 90' lang='lat' dir='ltr'><strong>seoutus</strong></span> <span class='ocrx_word' id='word_1_420' title='bbox 815 4501 910 4570; x_wconf 88' lang='lat' dir='ltr'><strong>hellis</strong></span> <span class='ocrx_word' id='word_1_421' title='bbox 932 4503 974 4569; x_wconf 90' lang='lat' dir='ltr'><strong>ab</strong></span> <span class='ocrx_word' id='word_1_422' title='bbox 996 4503 1053 4569; x_wconf 93' lang='lat' dir='ltr'><strong>illo</strong></span> <span class='ocrx_word' id='word_1_423' title='bbox 1069 4503 1168 4587; x_wconf 86' lang='lat' dir='ltr'><strong>gestia</strong></span> <span class='ocrx_word' id='word_1_424' title='bbox 1182 4501 1333 4570; x_wconf 86' lang='lat' dir='ltr'><strong>omuibus</strong></span> <span class='ocrx_word' id='word_1_425' title='bbox 1346 4501 1503 4570; x_wconf 78' lang='lat' dir='ltr'><strong>interluit</strong></span> <span class='ocrx_word' id='word_1_426' title='bbox 1546 4502 1674 4569; x_wconf 90' lang='lat' dir='ltr'><strong>Proelio</strong></span> <span class='ocrx_word' id='word_1_427' title='bbox 1690 4501 1734 4568; x_wconf 92' lang='lat' dir='ltr'><strong>ad</strong></span> <span class='ocrx_word' id='word_1_428' title='bbox 1749 4501 1928 4570; x_wconf 84' lang='lat' dir='ltr'><strong>Coroneam</strong></span> <span class='ocrx_word' id='word_1_429' title='bbox 1942 4503 2113 4570; x_wconf 86' lang='lat' dir='ltr'><strong>oommisso</strong></span> 
     </span>
     <span class='ocr_line' id='line_1_36' title="bbox 305 4611 2113 4701; baseline 0.001 -21"><span class='ocrx_word' id='word_1_430' title='bbox 305 4611 403 4680; x_wconf 87' lang='lat' dir='ltr'><strong>exilio</strong></span> <span class='ocrx_word' id='word_1_431' title='bbox 432 4613 590 4681; x_wconf 88' lang='lat' dir='ltr'><strong>multatus</strong></span> <span class='ocrx_word' id='word_1_432' title='bbox 624 4612 667 4680; x_wconf 89' lang='lat' dir='ltr'><strong>ab</strong></span> <span class='ocrx_word' id='word_1_433' title='bbox 697 4614 966 4696; x_wconf 81' lang='lat' dir='ltr'><strong>Atheniensibus,</strong></span> <span class='ocrx_word' id='word_1_434' title='bbox 1000 4635 1073 4682; x_wconf 87' lang='lat' dir='ltr'><strong>eum</strong></span> <span class='ocrx_word' id='word_1_435' title='bbox 1112 4613 1269 4682; x_wconf 82' lang='lat' dir='ltr'><strong>Seillunte</strong></span> <span class='ocrx_word' id='word_1_436' title='bbox 1307 4635 1381 4681; x_wconf 91' lang='lat' dir='ltr'><strong>oum</strong></span> <span class='ocrx_word' id='word_1_437' title='bbox 1416 4613 1485 4680; x_wconf 89' lang='lat' dir='ltr'><strong>suis</strong></span> <span class='ocrx_word' id='word_1_438' title='bbox 1520 4613 1736 4694; x_wconf 88' lang='lat' dir='ltr'><strong>oonsedissat,</strong></span> <span class='ocrx_word' id='word_1_439' title='bbox 1771 4613 1904 4682; x_wconf 89' lang='lat' dir='ltr'><strong>tandem</strong></span> <span class='ocrx_word' id='word_1_440' title='bbox 1937 4614 2113 4701; x_wconf 86' lang='lat' dir='ltr'><strong>aliquando</strong></span> 
     </span>
     <span class='ocr_line' id='line_1_37' title="bbox 303 4723 2115 4812; baseline 0.003 -22"><span class='ocrx_word' id='word_1_441' title='bbox 303 4723 408 4790; x_wconf 90' lang='lat' dir='ltr'><strong>otium</strong></span> <span class='ocrx_word' id='word_1_442' title='bbox 430 4730 569 4792; x_wconf 88' lang='lat' dir='ltr'><strong>nanetus</strong></span> <span class='ocrx_word' id='word_1_443' title='bbox 588 4745 628 4790; x_wconf 88' lang='lat' dir='ltr'><strong>ne</strong></span> <span class='ocrx_word' id='word_1_444' title='bbox 650 4725 737 4792; x_wconf 79' lang='lat' dir='ltr'><strong>ritae</strong></span> <span class='ocrx_word' id='word_1_445' title='bbox 759 4727 1031 4811; x_wconf 83' lang='lat' dir='ltr'><strong>tranquillitatem</strong></span> <span class='ocrx_word' id='word_1_446' title='bbox 1055 4726 1098 4793; x_wconf 88' lang='lat' dir='ltr'><strong>ad</strong></span> <span class='ocrx_word' id='word_1_447' title='bbox 1119 4725 1328 4795; x_wconf 84' lang='lat' dir='ltr'><strong>seribendum</strong></span> <span class='ocrx_word' id='word_1_448' title='bbox 1357 4725 1399 4793; x_wconf 85' lang='lat' dir='ltr'><strong>de</strong></span> <span class='ocrx_word' id='word_1_449' title='bbox 1427 4727 1469 4794; x_wconf 92' lang='lat' dir='ltr'><strong>iis</strong></span> <span class='ocrx_word' id='word_1_450' title='bbox 1498 4725 1614 4808; x_wconf 85' lang='lat' dir='ltr'><strong>rebus,</strong></span> <span class='ocrx_word' id='word_1_451' title='bbox 1646 4747 1728 4810; x_wconf 88' lang='lat' dir='ltr'><strong>qnae</strong></span> <span class='ocrx_word' id='word_1_452' title='bbox 1756 4732 1816 4794; x_wconf 88' lang='lat' dir='ltr'><strong>aut</strong></span> <span class='ocrx_word' id='word_1_453' title='bbox 1845 4733 1998 4812; x_wconf 87' lang='lat' dir='ltr'><strong>expertus</strong></span> <span class='ocrx_word' id='word_1_454' title='bbox 2026 4733 2115 4796; x_wconf 85' lang='lat' dir='ltr'><strong>esset</strong></span> 
     </span>
     <span class='ocr_line' id='line_1_38' title="bbox 305 4837 2112 4924; baseline 0.003 -22"><span class='ocrx_word' id='word_1_455' title='bbox 305 4841 365 4904; x_wconf 87' lang='lat' dir='ltr'><strong>sut</strong></span> <span class='ocrx_word' id='word_1_456' title='bbox 384 4837 456 4922; x_wconf 90' lang='lat' dir='ltr'><strong>ipse</strong></span> <span class='ocrx_word' id='word_1_457' title='bbox 477 4837 682 4921; x_wconf 78' lang='lat' dir='ltr'><strong>perfecisset,</strong></span> <span class='ocrx_word' id='word_1_458' title='bbox 709 4859 829 4922; x_wconf 86' lang='lat' dir='ltr'><strong>parare</strong></span> <span class='ocrx_word' id='word_1_459' title='bbox 850 4841 1023 4924; x_wconf 80' lang='lat' dir='ltr'><strong>repatuit</strong></span> <span class='ocrx_word' id='word_1_460' title='bbox 1066 4839 1116 4906; x_wconf 91' lang='lat' dir='ltr'><strong>De</strong></span> <span class='ocrx_word' id='word_1_461' title='bbox 1144 4839 1289 4906; x_wconf 84' lang='lat' dir='ltr'><strong>Sooratis</strong></span> <span class='ocrx_word' id='word_1_462' title='bbox 1318 4844 1430 4906; x_wconf 86' lang='lat' dir='ltr'><strong>autem</strong></span> <span class='ocrx_word' id='word_1_463' title='bbox 1451 4839 1626 4924; x_wconf 87' lang='lat' dir='ltr'><strong>prudentia</strong></span> <span class='ocrx_word' id='word_1_464' title='bbox 1655 4844 1689 4906; x_wconf 86' lang='lat' dir='ltr'><strong>et</strong></span> <span class='ocrx_word' id='word_1_465' title='bbox 1709 4839 1797 4906; x_wconf 85' lang='lat' dir='ltr'><strong>ritae</strong></span> <span class='ocrx_word' id='word_1_466' title='bbox 1826 4839 2016 4923; x_wconf 81' lang='lat' dir='ltr'><strong>integritate</strong></span> <span class='ocrx_word' id='word_1_467' title='bbox 2038 4859 2112 4907; x_wconf 89' lang='lat' dir='ltr'><strong>oum</strong></span> 
     </span>
     <span class='ocr_line' id='line_1_39' title="bbox 305 4948 2114 5037; baseline 0.001 -21"><span class='ocrx_word' id='word_1_468' title='bbox 305 4948 489 5034; x_wconf 83' lang='lat' dir='ltr'><strong>soriptnrns</strong></span> <span class='ocrx_word' id='word_1_469' title='bbox 511 4955 599 5016; x_wconf 88' lang='lat' dir='ltr'><strong>esset</strong></span> <span class='ocrx_word' id='word_1_470' title='bbox 620 4949 775 5016; x_wconf 84' lang='lat' dir='ltr'><strong>adversus</strong></span> <span class='ocrx_word' id='word_1_471' title='bbox 797 4956 1019 5032; x_wconf 83' lang='lat' dir='ltr'><strong>aeonsatoree,</strong></span> <span class='ocrx_word' id='word_1_472' title='bbox 1043 4957 1119 5037; x_wconf 85' lang='lat' dir='ltr'><strong>poet</strong></span> <span class='ocrx_word' id='word_1_473' title='bbox 1139 4955 1191 5018; x_wconf 90' lang='lat' dir='ltr'><strong>tot</strong></span> <span class='ocrx_word' id='word_1_474' title='bbox 1211 4951 1320 5018; x_wconf 79' lang='lat' dir='ltr'><strong>serios</strong></span> <span class='ocrx_word' id='word_1_475' title='bbox 1350 4971 1446 5018; x_wconf 85' lang='lat' dir='ltr'><strong>ossus</strong></span> <span class='ocrx_word' id='word_1_476' title='bbox 1467 4952 1657 5018; x_wconf 87' lang='lat' dir='ltr'><strong>memoriam</strong></span> <span class='ocrx_word' id='word_1_477' title='bbox 1677 4951 1846 5018; x_wconf 81' lang='lat' dir='ltr'><strong>renovarit</strong></span> <span class='ocrx_word' id='word_1_478' title='bbox 1867 4951 2022 5032; x_wconf 70' lang='lat' dir='ltr'><strong>britonis,</strong></span> <span class='ocrx_word' id='word_1_479' title='bbox 2044 4951 2114 5018; x_wconf 83' lang='lat' dir='ltr'><strong>(tri-</strong></span> 
     </span>
    </p>
   </div>
   <div class='ocr_carea' id='block_1_6' title="bbox 306 5058 2114 5222">
    <p class='ocr_par' dir='ltr' id='par_1_7' title="bbox 306 5058 2114 5222">
     <span class='ocr_line' id='line_1_40' title="bbox 306 5058 2114 5202; baseline 0.002 -74"><span class='ocrx_word' id='word_1_480' title='bbox 306 5058 414 5128; x_wconf 89' lang='lat' dir='ltr'><strong>tobuli</strong></span> <span class='ocrx_word' id='word_1_481' title='bbox 442 5061 565 5146; x_wconf 86' lang='lat' dir='ltr'><strong>petria,</strong></span> <span class='ocrx_word' id='word_1_482' title='bbox 596 5061 870 5148; x_wconf 79' lang='lat' dir='ltr'><strong>Chaerephontis,</strong></span> <span class='ocrx_word' id='word_1_483' title='bbox 891 5062 1132 5144; x_wconf 82' lang='lat' dir='ltr'><strong>Chaereoretis,</strong></span> <span class='ocrx_word' id='word_1_484' title='bbox 1154 5061 1386 5149; x_wconf 83' lang='lat' dir='ltr'><strong>Hermogenis,</strong></span> <span class='ocrx_word' id='word_1_485' title='bbox 1408 5063 1578 5145; x_wconf 82' lang='lat' dir='ltr'><strong>Simmiae,</strong></span> <span class='ocrx_word' id='word_1_486' title='bbox 1599 5063 1745 5146; x_wconf 83' lang='lat' dir='ltr'><strong>(lebetis,</strong></span> <span class='ocrx_word' id='word_1_487' title='bbox 1767 5061 2000 5202; x_wconf 67' lang='lat' dir='ltr'><strong>Phuedopdae,</strong></span> <span class='ocrx_word' id='word_1_488' title='bbox 2030 5085 2114 5150; x_wconf 88' lang='lat' dir='ltr'><strong>quos</strong></span> 
     </span>
     <span class='ocr_line' id='line_1_41' title="bbox 1866 5168 1884 5222; baseline 0 0"><span class='ocrx_word' id='word_1_489' title='bbox 1866 5168 1884 5222; x_wconf 82' lang='grc' dir='ltr'><strong><em>Β</em></strong></span> 
     </span>
    </p>
   </div>
   <div class='ocr_carea' id='block_1_7' title="bbox 0 0 2401 5716">
    <p class='ocr_par' dir='ltr' id='par_1_8' title="bbox 0 0 2401 5716">
     <span class='ocr_line' id='line_1_42' title="bbox 0 0 2401 5716; baseline 0 0"><span class='ocrx_word' id='word_1_490' title='bbox 0 0 2401 5716; x_wconf 95' lang='lat' dir='ltr'><strong> </strong></span> 
     </span>
    </p>
   </div>
  </div>
 </body>
</html>
